@ARTICLE{Price-Jones2018,
   author = {{Price-Jones}, N. and {Bovy}, J.},
    title = "{The dimensionality of stellar chemical space using spectra from the Apache Point Observatory Galactic Evolution Experiment}",
  journal = {\mnras},
archivePrefix = "arXiv",
   eprint = {1706.00009},
 keywords = {techniques: spectroscopic, stars: abundances, stars: late-type, Galaxy: evolution, open clusters and associations: general},
     year = 2018,
    month = mar,
   volume = 475,
    pages = {1410-1425},
      doi = {10.1093/mnras/stx3198},
   adsurl = {http://adsabs.harvard.edu/abs/2018MNRAS.475.1410P},
  adsnote = {Provided by the SAO/NASA Astrophysics Data System}
}