@ARTICLE{Price-Jones2019,
       author = {{Price-Jones}, Natalie and {Bovy}, Jo},
        title = "{Blind chemical tagging with DBSCAN: prospects for spectroscopic surveys}",
      journal = {\mnras},
     keywords = {methods: data analysis, stars: abundances, stars: statistics, open clusters and associations: general, Astrophysics - Astrophysics of Galaxies},
         year = "2019",
        month = "Jul",
       volume = {487},
       number = {1},
        pages = {871-886},
          doi = {10.1093/mnras/stz1260},
archivePrefix = {arXiv},
       eprint = {1902.08201},
 primaryClass = {astro-ph.GA},
       adsurl = {https://ui.adsabs.harvard.edu/abs/2019MNRAS.487..871P},
      adsnote = {Provided by the SAO/NASA Astrophysics Data System}
}



@ARTICLE{Bovy2015,
       author = {{Bovy}, Jo},
        title = "{galpy: A python Library for Galactic Dynamics}",
      journal = {ApJs},
     keywords = {galaxies: general, galaxies: kinematics and dynamics, Galaxy: fundamental parameters, Astrophysics - Astrophysics of Galaxies, Astrophysics - Instrumentation and Methods for Astrophysics},
         year = "2015",
        month = "Feb",
       volume = {216},
       number = {2},
          eid = {29},
        pages = {29},
          doi = {10.1088/0067-0049/216/2/29},
archivePrefix = {arXiv},
       eprint = {1412.3451},
 primaryClass = {astro-ph.GA},
       adsurl = {https://ui.adsabs.harvard.edu/abs/2015ApJS..216...29B},
      adsnote = {Provided by the SAO/NASA Astrophysics Data System}
}



@ARTICLE{Sellwood2002,
       author = {{Sellwood}, J.~A. and {Binney}, J.~J.},
        title = "{Radial mixing in galactic discs}",
      journal = {MNRAS},
     keywords = {ISM: abundances, Galaxy: abundances, Galaxy: kinematics and dynamics, galaxies: evolution, galaxies: ISM, galaxies: structure, Astrophysics},
         year = "2002",
        month = "Nov",
       volume = {336},
        pages = {785-796},
          doi = {10.1046/j.1365-8711.2002.05806.x},
archivePrefix = {arXiv},
       eprint = {astro-ph/0203510},
 primaryClass = {astro-ph},
       adsurl = {https://ui.adsabs.harvard.edu/\#abs/2002MNRAS.336..785S},
      adsnote = {Provided by the SAO/NASA Astrophysics Data System}
}

@ARTICLE{Price-Jones2019,
       author = {{Price-Jones}, Natalie and {Bovy}, Jo},
        title = "{Blind chemical tagging with DBSCAN: prospects for spectroscopic surveys}",
      journal = {\mnras},
     keywords = {methods: data analysis, stars: abundances, stars: statistics, open clusters and associations: general, Astrophysics - Astrophysics of Galaxies},
         year = "2019",
        month = "Jul",
       volume = {487},
       number = {1},
        pages = {871-886},
          doi = {10.1093/mnras/stz1260},
archivePrefix = {arXiv},
       eprint = {1902.08201},
 primaryClass = {astro-ph.GA},
       adsurl = {https://ui.adsabs.harvard.edu/abs/2019MNRAS.487..871P},
      adsnote = {Provided by the SAO/NASA Astrophysics Data System}
}




@article{scikit-learn,
 title={Scikit-learn: Machine Learning in {P}ython},
 author={Pedregosa, F. and Varoquaux, G. and Gramfort, A. and Michel, V.
         and Thirion, B. and Grisel, O. and Blondel, M. and Prettenhofer, P.
         and Weiss, R. and Dubourg, V. and Vanderplas, J. and Passos, A. and
         Cournapeau, D. and Brucher, M. and Perrot, M. and Duchesnay, E.},
 journal={Journal of Machine Learning Research},
 volume={12},
 pages={2825--2830},
 year={2011}
}

@ARTICLE{Bovy2017,
       author = {{Bovy}, Jo},
        title = "{Stellar inventory of the solar neighbourhood using Gaia DR1}",
      journal = {MNRAS},
     keywords = {stars: statistics, Galaxy: disc, Galaxy: fundamental parameters, solar neighbourhood, Galaxy: stellar content, Galaxy: structure, Astrophysics - Astrophysics of Galaxies},
         year = "2017",
        month = "Sep",
       volume = {470},
        pages = {1360-1387},
          doi = {10.1093/mnras/stx1277},
archivePrefix = {arXiv},
       eprint = {1704.05063},
 primaryClass = {astro-ph.GA},
       adsurl = {https://ui.adsabs.harvard.edu/\#abs/2017MNRAS.470.1360B},
      adsnote = {Provided by the SAO/NASA Astrophysics Data System}
}



@ARTICLE{Blanton2017,
       author = {{Blanton}, Michael R. and {Bershady}, Matthew A. and {Abolfathi}, Bela and
         {Albareti}, Franco D. and {Allende Prieto}, Carlos and
         {Almeida}, Andres and {Alonso-Garc{\'\i}a}, Javier and
         {Anders}, Friedrich and {Anderson}, Scott F. and {Andrews}, Brett and
         {Aquino-Ort{\'\i}z}, Erik and {Arag{\'o}n-Salamanca}, Alfonso and
         {Argudo-Fern{\'a}ndez}, Maria and {Armengaud}, Eric and
         {Aubourg}, Eric and {Avila-Reese}, Vladimir and {Badenes}, Carles and
         {Bailey}, Stephen and {Barger}, Kathleen A. and
         {Barrera-Ballesteros}, Jorge and {Bartosz}, Curtis and
         {Bates}, Dominic and {Baumgarten}, Falk and {Bautista}, Julian and
         {Beaton}, Rachael and {Beers}, Timothy C. and {Belfiore}, Francesco and
         {Bender}, Chad F. and {Berlind}, Andreas A. and {Bernardi}, Mariangela and
         {Beutler}, Florian and {Bird}, Jonathan C. and {Bizyaev}, Dmitry and
         {Blanc}, Guillermo A. and {Blomqvist}, Michael and {Bolton}, Adam S. and
         {Boquien}, M{\'e}d{\'e}ric and {Borissova}, Jura and
         {van den Bosch}, Remco and {Bovy}, Jo and {Brandt}, William N. and
         {Brinkmann}, Jonathan and {Brownstein}, Joel R. and {Bundy}, Kevin and
         {Burgasser}, Adam J. and {Burtin}, Etienne and {Busca}, Nicol{\'a}s G. and
         {Cappellari}, Michele and {Delgado Carigi}, Maria Leticia and
         {Carlberg}, Joleen K. and {Carnero Rosell}, Aurelio and
         {Carrera}, Ricardo and {Chanover}, Nancy J. and {Cherinka}, Brian and
         {Cheung}, Edmond and {G{\'o}mez Maqueo Chew}, Yilen and
         {Chiappini}, Cristina and {Doohyun Choi}, Peter and {Chojnowski}, Drew and
         {Chuang}, Chia-Hsun and {Chung}, Haeun and {Cirolini}, Rafael Fernando and
         {Clerc}, Nicolas and {Cohen}, Roger E. and {Comparat}, Johan and
         {da Costa}, Luiz and {Cousinou}, Marie-Claude and {Covey}, Kevin and
         {Crane}, Jeffrey D. and {Croft}, Rupert A.~C. and
         {Cruz-Gonzalez}, Irene and {Garrido Cuadra}, Daniel and {Cunha}, Katia and
         {Damke}, Guillermo J. and {Darling}, Jeremy and {Davies}, Roger and
         {Dawson}, Kyle and {de la Macorra}, Axel and {Dell'Agli}, Flavia and
         {De Lee}, Nathan and {Delubac}, Timoth{\'e}e and {Di Mille}, Francesco and
         {Diamond-Stanic}, Aleks and {Cano-D{\'\i}az}, Mariana and
         {Donor}, John and {Downes}, Juan Jos{\'e} and {Drory}, Niv and
         {du Mas des Bourboux}, H{\'e}lion and {Duckworth}, Christopher J. and
         {Dwelly}, Tom and {Dyer}, Jamie and {Ebelke}, Garrett and
         {Eigenbrot}, Arthur D. and {Eisenstein}, Daniel J. and
         {Emsellem}, Eric and {Eracleous}, Mike and {Escoffier}, Stephanie and
         {Evans}, Michael L. and {Fan}, Xiaohui and {Fern{\'a}ndez-Alvar}, Emma and
         {Fernandez-Trincado}, J.~G. and {Feuillet}, Diane K. and
         {Finoguenov}, Alexis and {Fleming}, Scott W. and {Font-Ribera}, Andreu and
         {Fredrickson}, Alexander and {Freischlad}, Gordon and
         {Frinchaboy}, Peter M. and {Fuentes}, Carla E. and
         {Galbany}, Llu{\'\i}s and {Garcia-Dias}, R. and
         {Garc{\'\i}a-Hern{\'a}ndez}, D.~A. and {Gaulme}, Patrick and
         {Geisler}, Doug and {Gelfand}, Joseph D. and
         {Gil-Mar{\'\i}n}, H{\'e}ctor and {Gillespie}, Bruce A. and
         {Goddard}, Daniel and {Gonzalez-Perez}, Violeta and
         {Grabowski}, Kathleen and {Green}, Paul J. and {Grier}, Catherine J. and
         {Gunn}, James E. and {Guo}, Hong and {Guy}, Julien and {Hagen}, Alex and
         {Hahn}, ChangHoon and {Hall}, Matthew and {Harding}, Paul and
         {Hasselquist}, Sten and {Hawley}, Suzanne L. and {Hearty}, Fred and
         {Gonzalez Hern{\'a}ndez}, Jonay I. and {Ho}, Shirley and
         {Hogg}, David W. and {Holley-Bockelmann}, Kelly and {Holtzman}, Jon A. and
         {Holzer}, Parker H. and {Huehnerhoff}, Joseph and
         {Hutchinson}, Timothy A. and {Hwang}, Ho Seong and
         {Ibarra-Medel}, H{\'e}ctor J. and {da Silva Ilha}, Gabriele and
         {Ivans}, Inese I. and {Ivory}, KeShawn and {Jackson}, Kelly and
         {Jensen}, Trey W. and {Johnson}, Jennifer A. and {Jones}, Amy and
         {J{\"o}nsson}, Henrik and {Jullo}, Eric and {Kamble}, Vikrant and
         {Kinemuchi}, Karen and {Kirkby}, David and {Kitaura}, Francisco-Shu and
         {Klaene}, Mark and {Knapp}, Gillian R. and {Kneib}, Jean-Paul and
         {Kollmeier}, Juna A. and {Lacerna}, Ivan and {Lane}, Richard R. and
         {Lang}, Dustin and {Law}, David R. and {Lazarz}, Daniel and
         {Lee}, Youngbae and {Le Goff}, Jean-Marc and {Liang}, Fu-Heng and
         {Li}, Cheng and {Li}, Hongyu and {Lian}, Jianhui and {Lima}, Marcos and
         {Lin}, Lihwai and {Lin}, Yen-Ting and {Bertran de Lis}, Sara and
         {Liu}, Chao and {de Icaza Lizaola}, Miguel Angel C. and {Long}, Dan and
         {Lucatello}, Sara and {Lundgren}, Britt and {MacDonald}, Nicholas K. and
         {Deconto Machado}, Alice and {MacLeod}, Chelsea L. and
         {Mahadevan}, Suvrath and {Geimba Maia}, Marcio Antonio and
         {Maiolino}, Roberto and {Majewski}, Steven R. and
         {Malanushenko}, Elena and {Malanushenko}, Viktor and
         {Manchado}, Arturo and {Mao}, Shude and {Maraston}, Claudia and
         {Marques-Chaves}, Rui and {Masseron}, Thomas and {Masters}, Karen L. and
         {McBride}, Cameron K. and {McDermid}, Richard M. and
         {McGrath}, Brianne and {McGreer}, Ian D. and
         {Medina Pe{\~n}a}, Nicol{\'a}s and {Melendez}, Matthew and
         {Merloni}, Andrea and {Merrifield}, Michael R. and
         {Meszaros}, Szabolcs and {Meza}, Andres and {Minchev}, Ivan and
         {Minniti}, Dante and {Miyaji}, Takamitsu and {More}, Surhud and
         {Mulchaey}, John and {M{\"u}ller-S{\'a}nchez}, Francisco and
         {Muna}, Demitri and {Munoz}, Ricardo R. and {Myers}, Adam D. and
         {Nair}, Preethi and {Nandra}, Kirpal and
         {Correa do Nascimento}, Janaina and {Negrete}, Alenka and
         {Ness}, Melissa and {Newman}, Jeffrey A. and {Nichol}, Robert C. and
         {Nidever}, David L. and {Nitschelm}, Christian and {Ntelis}, Pierros and
         {O'Connell}, Julia E. and {Oelkers}, Ryan J. and {Oravetz}, Audrey and
         {Oravetz}, Daniel and {Pace}, Zach and {Padilla}, Nelson and
         {Palanque-Delabrouille}, Nathalie and {Alonso Palicio}, Pedro and
         {Pan}, Kaike and {Parejko}, John K. and {Parikh}, Taniya and
         {P{\^a}ris}, Isabelle and {Park}, Changbom and {Patten}, Alim Y. and
         {Peirani}, Sebastien and {Pellejero-Ibanez}, Marcos and
         {Penny}, Samantha and {Percival}, Will J. and {Perez-Fournon}, Ismael and
         {Petitjean}, Patrick and {Pieri}, Matthew M. and {Pinsonneault}, Marc and
         {Pisani}, Alice and {Poleski}, Rados{\l}aw and {Prada}, Francisco and
         {Prakash}, Abhishek and {Queiroz}, Anna B{\'a}rbara de Andrade and
         {Raddick}, M. Jordan and {Raichoor}, Anand and {Barboza Rembold}, Sand
        ro and {Richstein}, Hannah and {Riffel}, Rogemar A. and
         {Riffel}, Rog{\'e}rio and {Rix}, Hans-Walter and {Robin}, Annie C. and
         {Rockosi}, Constance M. and {Rodr{\'\i}guez-Torres}, Sergio and
         {Roman-Lopes}, A. and {Rom{\'a}n-Z{\'u}{\~n}iga}, Carlos and
         {Rosado}, Margarita and {Ross}, Ashley J. and {Rossi}, Graziano and
         {Ruan}, John and {Ruggeri}, Rossana and {Rykoff}, Eli S. and
         {Salazar-Albornoz}, Salvador and {Salvato}, Mara and
         {S{\'a}nchez}, Ariel G. and {Aguado}, D.~S. and
         {S{\'a}nchez-Gallego}, Jos{\'e} R. and {Santana}, Felipe A. and
         {Santiago}, Bas{\'\i}lio Xavier and {Sayres}, Conor and
         {Schiavon}, Ricardo P. and {da Silva Schimoia}, Jaderson and
         {Schlafly}, Edward F. and {Schlegel}, David J. and
         {Schneider}, Donald P. and {Schultheis}, Mathias and
         {Schuster}, William J. and {Schwope}, Axel and {Seo}, Hee-Jong and
         {Shao}, Zhengyi and {Shen}, Shiyin and {Shetrone}, Matthew and
         {Shull}, Michael and {Simon}, Joshua D. and {Skinner}, Danielle and
         {Skrutskie}, M.~F. and {Slosar}, An{\v{z}}e and {Smith}, Verne V. and
         {Sobeck}, Jennifer S. and {Sobreira}, Flavia and {Somers}, Garrett and
         {Souto}, Diogo and {Stark}, David V. and {Stassun}, Keivan and
         {Stauffer}, Fritz and {Steinmetz}, Matthias and
         {Storchi-Bergmann}, Thaisa and {Streblyanska}, Alina and
         {Stringfellow}, Guy S. and {Su{\'a}rez}, Genaro and {Sun}, Jing and
         {Suzuki}, Nao and {Szigeti}, Laszlo and {Taghizadeh-Popp}, Manuchehr and
         {Tang}, Baitian and {Tao}, Charling and {Tayar}, Jamie and
         {Tembe}, Mita and {Teske}, Johanna and {Thakar}, Aniruddha R. and
         {Thomas}, Daniel and {Thompson}, Benjamin A. and {Tinker}, Jeremy L. and
         {Tissera}, Patricia and {Tojeiro}, Rita and {Hernandez Toledo}, Hector and
         {de la Torre}, Sylvain and {Tremonti}, Christy and
         {Troup}, Nicholas W. and {Valenzuela}, Octavio and
         {Martinez Valpuesta}, Inma and {Vargas-Gonz{\'a}lez}, Jaime and
         {Vargas-Maga{\~n}a}, Mariana and {Vazquez}, Jose Alberto and
         {Villanova}, Sandro and {Vivek}, M. and {Vogt}, Nicole and
         {Wake}, David and {Walterbos}, Rene and {Wang}, Yuting and
         {Weaver}, Benjamin Alan and {Weijmans}, Anne-Marie and
         {Weinberg}, David H. and {Westfall}, Kyle B. and {Whelan}, David G. and
         {Wild}, Vivienne and {Wilson}, John and {Wood-Vasey}, W.~M. and
         {Wylezalek}, Dominika and {Xiao}, Ting and {Yan}, Renbin and
         {Yang}, Meng and {Ybarra}, Jason E. and {Y{\`e}che}, Christophe and
         {Zakamska}, Nadia and {Zamora}, Olga and {Zarrouk}, Pauline and
         {Zasowski}, Gail and {Zhang}, Kai and {Zhao}, Gong-Bo and
         {Zheng}, Zheng and {Zheng}, Zheng and {Zhou}, Xu and {Zhou}, Zhi-Min and
         {Zhu}, Guangtun B. and {Zoccali}, Manuela and {Zou}, Hu},
        title = "{Sloan Digital Sky Survey IV: Mapping the Milky Way, Nearby Galaxies, and the Distant Universe}",
      journal = {AJ},
     keywords = {cosmology: observations, galaxies: general, Galaxy: general, instrumentation: spectrographs, stars: general, surveys, Astrophysics - Astrophysics of Galaxies},
         year = "2017",
        month = "Jul",
       volume = {154},
          eid = {28},
        pages = {28},
          doi = {10.3847/1538-3881/aa7567},
archivePrefix = {arXiv},
       eprint = {1703.00052},
 primaryClass = {astro-ph.GA},
       adsurl = {https://ui.adsabs.harvard.edu/\#abs/2017AJ....154...28B},
      adsnote = {Provided by the SAO/NASA Astrophysics Data System}
}



@ARTICLE{Holtzman2018,
       author = {{Holtzman}, Jon A. and {Hasselquist}, Sten and {Shetrone}, Matthew and
        {Cunha}, Katia and {Allende Prieto}, Carlos and {Anguiano},
        Borja and {Bizyaev}, Dmitry and {Bovy}, Jo and {Casey}, Andrew
        and {Edvardsson}, Bengt and {Johnson}, Jennifer A. and
        {J{\"o}nsson}, Henrik and {Meszaros}, Szabolcs and {Smith},
        Verne V. and {Sobeck}, Jennifer and {Zamora}, Olga and
        {Chojnowski}, S. Drew and {Fernandez-Trincado}, Jose and
        {Garcia-Hernandez}, D.~A. and {Majewski}, Steven R. and
        {Pinsonneault}, Marc and {Souto}, Diogo and {Stringfellow}, Guy
        S. and {Tayar}, Jamie and {Troup}, Nicholas and {Zasowski}, Gail},
        title = "{APOGEE Data Releases 13 and 14: Data and Analysis}",
      journal = {AJ},
     keywords = {methods: data analysis, stars: abundances, techniques: spectroscopic, Astrophysics - Astrophysics of Galaxies, Astrophysics - Instrumentation and Methods for Astrophysics, Astrophysics - Solar and Stellar Astrophysics},
         year = 2018,
        month = Sep,
       volume = {156},
          eid = {125},
        pages = {125},
          doi = {10.3847/1538-3881/aad4f9},
archivePrefix = {arXiv},
       eprint = {1807.09773},
 primaryClass = {astro-ph.GA},
       adsurl = {https://ui.adsabs.harvard.edu/\#abs/2018AJ....156..125H},
      adsnote = {Provided by the SAO/NASA Astrophysics Data System}
}



@ARTICLE{Reis2018,
       author = {{Reis}, Itamar and {Baron}, Dalya and {Shahaf}, Sahar},
        title = "{Probabilistic Random Forest: A Machine Learning Algorithm for Noisy Data Sets}",
      journal = {AJ},
     keywords = {methods: data analysis, methods: statistical, Astrophysics - Instrumentation and Methods for Astrophysics, Computer Science - Machine Learning},
         year = 2019,
        month = Jan,
       volume = {157},
          eid = {16},
        pages = {16},
          doi = {10.3847/1538-3881/aaf101},
archivePrefix = {arXiv},
       eprint = {1811.05994},
 primaryClass = {astro-ph.IM},
       adsurl = {https://ui.adsabs.harvard.edu/\#abs/2019AJ....157...16R},
      adsnote = {Provided by the SAO/NASA Astrophysics Data System}
}



@ARTICLE{Gilmore2012,
       author = {{Gilmore}, G. and {Randich}, S. and {Asplund}, M. and {Binney}, J. and
        {Bonifacio}, P. and {Drew}, J. and {Feltzing}, S. and
        {Ferguson}, A. and {Jeffries}, R. and {Micela}, G. and
        {Negueruela}, I. and {Prusti}, T. and {Rix}, H. -W. and
        {Vallenari}, A. and {Alfaro}, E. and {Allende-Prieto}, C. and
        {Babusiaux}, C. and {Bensby}, T. and {Blomme}, R. and
        {Bragaglia}, A. and {Flaccomio}, E. and {Fran{\c{c}}ois}, P. and
        {Irwin}, M. and {Koposov}, S. and {Korn}, A. and {Lanzafame}, A.
        and {Pancino}, E. and {Paunzen}, E. and {Recio-Blanco}, A. and
        {Sacco}, G. and {Smiljanic}, R. and {Van Eck}, S. and {Walton},
        N. and {Aden}, D. and {Aerts}, C. and {Affer}, L. and {Alcala},
        J. -M. and {Altavilla}, G. and {Alves}, J. and {Antoja}, T. and
        {Arenou}, F. and {Argiroffi}, C. and {Asensio Ramos}, A. and
        {Bailer-Jones}, C. and {Balaguer-Nunez}, L. and {Bayo}, A. and
        {Barbuy}, B. and {Barisevicius}, G. and {Barrado y Navascues},
        D. and {Battistini}, C. and {Bellas Velidis}, I. and
        {Bellazzini}, M. and {Belokurov}, V. and {Bergemann}, M. and
        {Bertelli}, G. and {Biazzo}, K. and {Bienayme}, O. and {Bland-
        Hawthorn}, J. and {Boeche}, C. and {Bonito}, S. and
        {Boudreault}, S. and {Bouvier}, J. and {Brandao}, I. and
        {Brown}, A. and {de Bruijne}, J. and {Burleigh}, M. and
        {Caballero}, J. and {Caffau}, E. and {Calura}, F. and {Capuzzo-
        Dolcetta}, R. and {Caramazza}, M. and {Carraro}, G. and
        {Casagrande}, L. and {Casewell}, S. and {Chapman}, S. and
        {Chiappini}, C. and {Chorniy}, Y. and {Christlieb}, N. and
        {Cignoni}, M. and {Cocozza}, G. and {Colless}, M. and {Collet},
        R. and {Collins}, M. and {Correnti}, M. and {Covino}, E. and
        {Crnojevic}, D. and {Cropper}, M. and {Cunha}, M. and {Damiani},
        F. and {David}, M. and {Delgado}, A. and {Duffau}, S. and
        {Edvardsson}, B. and {Eldridge}, J. and {Enke}, H. and
        {Eriksson}, K. and {Evans}, N.~W. and {Eyer}, L. and {Famaey},
        B. and {Fellhauer}, M. and {Ferreras}, I. and {Figueras}, F. and
        {Fiorentino}, G. and {Flynn}, C. and {Folha}, D. and
        {Franciosini}, E. and {Frasca}, A. and {Freeman}, K. and
        {Fremat}, Y. and {Friel}, E. and {Gaensicke}, B. and {Gameiro},
        J. and {Garzon}, F. and {Geier}, S. and {Geisler}, D. and
        {Gerhard}, O. and {Gibson}, B. and {Gomboc}, A. and {Gomez}, A.
        and {Gonzalez-Fernandez}, C. and {Gonzalez Hernandez}, J. and
        {Gosset}, E. and {Grebel}, E. and {Greimel}, R. and
        {Groenewegen}, M. and {Grundahl}, F. and {Guarcello}, M. and
        {Gustafsson}, B. and {Hadrava}, P. and {Hatzidimitriou}, D. and
        {Hambly}, N. and {Hammersley}, P. and {Hansen}, C. and
        {Haywood}, M. and {Heber}, U. and {Heiter}, U. and {Held}, E.
        and {Helmi}, A. and {Hensler}, G. and {Herrero}, A. and {Hill},
        V. and {Hodgkin}, S. and {Huelamo}, N. and {Huxor}, A. and
        {Ibata}, R. and {Jackson}, R. and {de Jong}, R. and {Jonker}, P.
        and {Jordan}, S. and {Jordi}, C. and {Jorissen}, A. and {Katz},
        D. and {Kawata}, D. and {Keller}, S. and {Kharchenko}, N. and
        {Klement}, R. and {Klutsch}, A. and {Knude}, J. and {Koch}, A.
        and {Kochukhov}, O. and {Kontizas}, M. and {Koubsky}, P. and
        {Lallement}, R. and {de Laverny}, P. and {van Leeuwen}, F. and
        {Lemasle}, B. and {Lewis}, G. and {Lind}, K. and {Lindstrom},
        H.~P.~E. and {Lobel}, A. and {Lopez Santiago}, J. and {Lucas},
        P. and {Ludwig}, H. and {Lueftinger}, T. and {Magrini}, L. and
        {Maiz Apellaniz}, J. and {Maldonado}, J. and {Marconi}, G. and
        {Marino}, A. and {Martayan}, C. and {Martinez-Valpuesta}, I. and
        {Matijevic}, G. and {McMahon}, R. and {Messina}, S. and {Meyer},
        M. and {Miglio}, A. and {Mikolaitis}, S. and {Minchev}, I. and
        {Minniti}, D. and {Moitinho}, A. and {Momany}, Y. and {Monaco},
        L. and {Montalto}, M. and {Monteiro}, M.~J. and {Monier}, R. and
        {Montes}, D. and {Mora}, A. and {Moraux}, E. and {Morel}, T. and
        {Mowlavi}, N. and {Mucciarelli}, A. and {Munari}, U. and
        {Napiwotzki}, R. and {Nardetto}, N. and {Naylor}, T. and {Naze},
        Y. and {Nelemans}, G. and {Okamoto}, S. and {Ortolani}, S. and
        {Pace}, G. and {Palla}, F. and {Palous}, J. and {Parker}, R. and
        {Penarrubia}, J. and {Pillitteri}, I. and {Piotto}, G. and
        {Posbic}, H. and {Prisinzano}, L. and {Puzeras}, E. and
        {Quirrenbach}, A. and {Ragaini}, S. and {Read}, J. and {Read},
        M. and {Reyle}, C. and {De Ridder}, J. and {Robichon}, N. and
        {Robin}, A. and {Roeser}, S. and {Romano}, D. and {Royer}, F.
        and {Ruchti}, G. and {Ruzicka}, A. and {Ryan}, S. and {Ryde}, N.
        and {Santos}, N. and {Sanz Forcada}, J. and {Sarro Baro}, L.~M.
        and {Sbordone}, L. and {Schilbach}, E. and {Schmeja}, S. and
        {Schnurr}, O. and {Schoenrich}, R. and {Scholz}, R. -D. and
        {Seabroke}, G. and {Sharma}, S. and {De Silva}, G. and {Smith},
        M. and {Solano}, E. and {Sordo}, R. and {Soubiran}, C. and
        {Sousa}, S. and {Spagna}, A. and {Steffen}, M. and {Steinmetz},
        M. and {Stelzer}, B. and {Stempels}, E. and {Tabernero}, H. and
        {Tautvaisiene}, G. and {Thevenin}, F. and {Torra}, J. and
        {Tosi}, M. and {Tolstoy}, E. and {Turon}, C. and {Walker}, M.
        and {Wambsganss}, J. and {Worley}, C. and {Venn}, K. and {Vink},
        J. and {Wyse}, R. and {Zaggia}, S. and {Zeilinger}, W. and
        {Zoccali}, M. and {Zorec}, J. and {Zucker}, D. and {Zwitter}, T.
        and {Gaia-ESO Survey Team}},
        title = "{The Gaia-ESO Public Spectroscopic Survey}",
      journal = {The Messenger},
         year = 2012,
        month = Mar,
       volume = {147},
        pages = {25-31},
       adsurl = {https://ui.adsabs.harvard.edu/\#abs/2012Msngr.147...25G},
      adsnote = {Provided by the SAO/NASA Astrophysics Data System}
}

@ARTICLE{Bland-Hawthorn2010,
       author = {{Bland-Hawthorn}, Joss and {Krumholz}, Mark R. and {Freeman}, Ken},
        title = "{The Long-term Evolution of the Galactic Disk Traced by Dissolving Star Clusters}",
      journal = {ApJ},
     keywords = {Galaxy: disk, Galaxy: evolution, Galaxy: kinematics and dynamics, open clusters and associations: general, stars: abundances, stars: solar-type, Astrophysics - Astrophysics of Galaxies, Astrophysics - Cosmology and Nongalactic Astrophysics},
         year = 2010,
        month = Apr,
       volume = {713},
        pages = {166-179},
          doi = {10.1088/0004-637X/713/1/166},
archivePrefix = {arXiv},
       eprint = {1002.4357},
 primaryClass = {astro-ph.GA},
       adsurl = {https://ui.adsabs.harvard.edu/\#abs/2010ApJ...713..166B},
      adsnote = {Provided by the SAO/NASA Astrophysics Data System}
}


@INPROCEEDINGS{Zhang2018,
       author = {{Zhang}, Kai and {Zhou}, Yifei and {Tang}, Zhen and {Saunders}, Will and
        {Venn}, Kim A. and {Shi}, Jianrong and {McConnachie}, Alan W.
        and {Szeto}, Kei and {Wang}, Lei and {Zhu}, Yongtian and {Hu},
        Zhongwen},
        title = "{Mauna Kea Spectroscopic Explorer (MSE): a preliminary design of multi-object high resolution spectrograph}",
     keywords = {Astrophysics - Instrumentation and Methods for Astrophysics},
    booktitle = {Ground-based and Airborne Instrumentation for Astronomy VII},
         year = 2018,
       series = {Society of Photo-Optical Instrumentation Engineers (SPIE) Conference Series},
       volume = {10702},
        month = Jul,
          eid = {107027W},
        pages = {107027W},
          doi = {10.1117/12.2312685},
archivePrefix = {arXiv},
       eprint = {1807.08710},
 primaryClass = {astro-ph.IM},
       adsurl = {https://ui.adsabs.harvard.edu/\#abs/2018SPIE10702E..7WZ},
      adsnote = {Provided by the SAO/NASA Astrophysics Data System}
}



@INPROCEEDINGS{deJong2016,
       author = {{de Jong}, Roelof S. and {Barden}, Samuel C. and {Bellido-Tirado}, Olga
        and {Brynnel}, Joar G. and {Frey}, Steffen and {Giannone},
        Domenico and {Haynes}, Roger and {Johl}, Diana and {Phillips},
        Daniel and {Schnurr}, Olivier and {Walcher}, Jakob C. and
        {Winkler}, Roland and {Ansorge}, Wolfgang R. and {Feltzing},
        Sofia and {McMahon}, Richard G. and {Baker}, Gabriella and
        {Caillier}, Patrick and {Dwelly}, Tom and {Gaessler}, Wolfgang
        and {Iwert}, Olaf and {Mandel}, Holger G. and {Piskunov},
        Nikolai A. and {Pragt}, Johan H. and {Walton}, Nicholas A. and
        {Bensby}, Thomas and {Bergemann}, Maria and {Chiappini},
        Cristina and {Christlieb}, Norbert and {Cioni}, Maria-Rosa L.
        and {Driver}, Simon and {Finoguenov}, Alexis and {Helmi}, Amina
        and {Irwin}, Michael J. and {Kitaura}, Francisco-Shu and
        {Kneib}, Jean-Paul and {Liske}, Jochen and {Merloni}, Andrea and
        {Minchev}, Ivan and {Richard}, Johan and {Starkenburg}, Else},
        title = "{4MOST: the 4-metre Multi-Object Spectroscopic Telescope project at preliminary design review}",
    booktitle = {Ground-based and Airborne Instrumentation for Astronomy VI},
         year = 2016,
       series = {Society of Photo-Optical Instrumentation Engineers (SPIE) Conference Series},
       volume = {9908},
        month = Aug,
          eid = {99081O},
        pages = {99081O},
          doi = {10.1117/12.2232832},
       adsurl = {https://ui.adsabs.harvard.edu/\#abs/2016SPIE.9908E..1OD},
      adsnote = {Provided by the SAO/NASA Astrophysics Data System}
}


@ARTICLE{Eisenstein2011,
       author = {{Eisenstein}, Daniel J. and {Weinberg}, David H. and {Agol}, Eric and
        {Aihara}, Hiroaki and {Allende Prieto}, Carlos and {Anderson},
        Scott F. and {Arns}, James A. and {Aubourg}, {\'E}ric and
        {Bailey}, Stephen and {Balbinot}, Eduardo and {Barkhouser},
        Robert and {Beers}, Timothy C. and {Berlind}, Andreas A. and
        {Bickerton}, Steven J. and {Bizyaev}, Dmitry and {Blanton},
        Michael R. and {Bochanski}, John J. and {Bolton}, Adam S. and
        {Bosman}, Casey T. and {Bovy}, Jo and {Brandt}, W.~N. and
        {Breslauer}, Ben and {Brewington}, Howard J. and {Brinkmann}, J.
        and {Brown}, Peter J. and {Brownstein}, Joel R. and {Burger},
        Dan and {Busca}, Nicolas G. and {Campbell}, Heather and
        {Cargile}, Phillip A. and {Carithers}, William C. and
        {Carlberg}, Joleen K. and {Carr}, Michael A. and {Chang}, Liang
        and {Chen}, Yanmei and {Chiappini}, Cristina and {Comparat},
        Johan and {Connolly}, Natalia and {Cortes}, Marina and {Croft},
        Rupert A.~C. and {Cunha}, Katia and {da Costa}, Luiz N. and
        {Davenport}, James R.~A. and {Dawson}, Kyle and {De Lee}, Nathan
        and {Porto de Mello}, Gustavo F. and {de Simoni}, Fernando and
        {Dean}, Janice and {Dhital}, Saurav and {Ealet}, Anne and
        {Ebelke}, Garrett L. and {Edmondson}, Edward M. and {Eiting},
        Jacob M. and {Escoffier}, Stephanie and {Esposito}, Massimiliano
        and {Evans}, Michael L. and {Fan}, Xiaohui and {Femen{\'\i}a
        Castell{\'a}}, Bruno and {Dutra Ferreira}, Leticia and
        {Fitzgerald}, Greg and {Fleming}, Scott W. and {Font-Ribera},
        Andreu and {Ford}, Eric B. and {Frinchaboy}, Peter M. and
        {Garc{\'\i}a P{\'e}rez}, Ana Elia and {Gaudi}, B. Scott and
        {Ge}, Jian and {Ghezzi}, Luan and {Gillespie}, Bruce A. and
        {Gilmore}, G. and {Girardi}, L{\'e}o and {Gott}, J. Richard and
        {Gould}, Andrew and {Grebel}, Eva K. and {Gunn}, James E. and
        {Hamilton}, Jean-Christophe and {Harding}, Paul and {Harris},
        David W. and {Hawley}, Suzanne L. and {Hearty}, Frederick R. and
        {Hennawi}, Joseph F. and {Gonz{\'a}lez Hern{\'a}ndez}, Jonay I.
        and {Ho}, Shirley and {Hogg}, David W. and {Holtzman}, Jon A.
        and {Honscheid}, Klaus and {Inada}, Naohisa and {Ivans}, Inese
        I. and {Jiang}, Linhua and {Jiang}, Peng and {Johnson}, Jennifer
        A. and {Jordan}, Cathy and {Jordan}, Wendell P. and {Kauffmann},
        Guinevere and {Kazin}, Eyal and {Kirkby}, David and {Klaene},
        Mark A. and {Knapp}, G.~R. and {Kneib}, Jean-Paul and
        {Kochanek}, C.~S. and {Koesterke}, Lars and {Kollmeier}, Juna A.
        and {Kron}, Richard G. and {Lampeitl}, Hubert and {Lang}, Dustin
        and {Lawler}, James E. and {Le Goff}, Jean-Marc and {Lee}, Brian
        L. and {Lee}, Young Sun and {Leisenring}, Jarron M. and {Lin},
        Yen-Ting and {Liu}, Jian and {Long}, Daniel C. and {Loomis},
        Craig P. and {Lucatello}, Sara and {Lundgren}, Britt and
        {Lupton}, Robert H. and {Ma}, Bo and {Ma}, Zhibo and
        {MacDonald}, Nicholas and {Mack}, Claude and {Mahadevan},
        Suvrath and {Maia}, Marcio A.~G. and {Majewski}, Steven R. and
        {Makler}, Martin and {Malanushenko}, Elena and {Malanushenko},
        Viktor and {Mandelbaum}, Rachel and {Maraston}, Claudia and
        {Margala}, Daniel and {Maseman}, Paul and {Masters}, Karen L.
        and {McBride}, Cameron K. and {McDonald}, Patrick and {McGreer},
        Ian D. and {McMahon}, Richard G. and {Mena Requejo}, Olga and
        {M{\'e}nard}, Brice and {Miralda-Escud{\'e}}, Jordi and
        {Morrison}, Heather L. and {Mullally}, Fergal and {Muna},
        Demitri and {Murayama}, Hitoshi and {Myers}, Adam D. and
        {Naugle}, Tracy and {Neto}, Angelo Fausti and {Nguyen}, Duy
        Cuong and {Nichol}, Robert C. and {Nidever}, David L. and
        {O'Connell}, Robert W. and {Ogando}, Ricardo L.~C. and
        {Olmstead}, Matthew D. and {Oravetz}, Daniel J. and
        {Padmanabhan}, Nikhil and {Paegert}, Martin and {Palanque-
        Delabrouille}, Nathalie and {Pan}, Kaike and {Pandey}, Parul and
        {Parejko}, John K. and {P{\^a}ris}, Isabelle and {Pellegrini},
        Paulo and {Pepper}, Joshua and {Percival}, Will J. and
        {Petitjean}, Patrick and {Pfaffenberger}, Robert and {Pforr},
        Janine and {Phleps}, Stefanie and {Pichon}, Christophe and
        {Pieri}, Matthew M. and {Prada}, Francisco and {Price-Whelan},
        Adrian M. and {Raddick}, M. Jordan and {Ramos}, Beatriz H.~F.
        and {Reid}, I. Neill and {Reyle}, Celine and {Rich}, James and
        {Richards}, Gordon T. and {Rieke}, George H. and {Rieke}, Marcia
        J. and {Rix}, Hans-Walter and {Robin}, Annie C. and {Rocha-
        Pinto}, Helio J. and {Rockosi}, Constance M. and {Roe}, Natalie
        A. and {Rollinde}, Emmanuel and {Ross}, Ashley J. and {Ross},
        Nicholas P. and {Rossetto}, Bruno and {S{\'a}nchez}, Ariel G.
        and {Santiago}, Basilio and {Sayres}, Conor and {Schiavon},
        Ricardo and {Schlegel}, David J. and {Schlesinger}, Katharine J.
        and {Schmidt}, Sarah J. and {Schneider}, Donald P. and
        {Sellgren}, Kris and {Shelden}, Alaina and {Sheldon}, Erin and
        {Shetrone}, Matthew and {Shu}, Yiping and {Silverman}, John D.
        and {Simmerer}, Jennifer and {Simmons}, Audrey E. and
        {Sivarani}, Thirupathi and {Skrutskie}, M.~F. and {Slosar},
        An{\v{z}}e and {Smee}, Stephen and {Smith}, Verne V. and
        {Snedden}, Stephanie A. and {Stassun}, Keivan G. and {Steele},
        Oliver and {Steinmetz}, Matthias and {Stockett}, Mark H. and
        {Stollberg}, Todd and {Strauss}, Michael A. and {Szalay},
        Alexander S. and {Tanaka}, Masayuki and {Thakar}, Aniruddha R.
        and {Thomas}, Daniel and {Tinker}, Jeremy L. and {Tofflemire},
        Benjamin M. and {Tojeiro}, Rita and {Tremonti}, Christy A. and
        {Vargas Maga{\~n}a}, Mariana and {Verde}, Licia and {Vogt},
        Nicole P. and {Wake}, David A. and {Wan}, Xiaoke and {Wang}, Ji
        and {Weaver}, Benjamin A. and {White}, Martin and {White}, Simon
        D.~M. and {Wilson}, John C. and {Wisniewski}, John P. and {Wood-
        Vasey}, W. Michael and {Yanny}, Brian and {Yasuda}, Naoki and
        {Y{\`e}che}, Christophe and {York}, Donald G. and {Young}, Erick
        and {Zasowski}, Gail and {Zehavi}, Idit and {Zhao}, Bo},
        title = "{SDSS-III: Massive Spectroscopic Surveys of the Distant Universe, the
        Milky Way, and Extra-Solar Planetary Systems}",
      journal = {AJ},
     keywords = {cosmology: observations, Galaxy: evolution, planets and satellites:
        detection, surveys, Astrophysics - Instrumentation and Methods
        for Astrophysics},
         year = 2011,
        month = Sep,
       volume = {142},
          eid = {72},
        pages = {72},
          doi = {10.1088/0004-6256/142/3/72},
archivePrefix = {arXiv},
       eprint = {1101.1529},
 primaryClass = {astro-ph.IM},
       adsurl = {https://ui.adsabs.harvard.edu/#abs/2011AJ....142...72E},
      adsnote = {Provided by the SAO/NASA Astrophysics Data System}
}

@ARTICLE{Majewski2017,
       author = {{Majewski}, Steven R. and {Schiavon}, Ricardo P. and {Frinchaboy}, Peter
        M. and {Allende Prieto}, Carlos and {Barkhouser}, Robert and
        {Bizyaev}, Dmitry and {Blank}, Basil and {Brunner}, Sophia and
        {Burton}, Adam and {Carrera}, Ricardo and {Chojnowski}, S. Drew
        and {Cunha}, K{\'a}tia and {Epstein}, Courtney and {Fitzgerald},
        Greg and {Garc{\'\i}a P{\'e}rez}, Ana E. and {Hearty}, Fred R.
        and {Henderson}, Chuck and {Holtzman}, Jon A. and {Johnson},
        Jennifer A. and {Lam}, Charles R. and {Lawler}, James E. and
        {Maseman}, Paul and {M{\'e}sz{\'a}ros}, Szabolcs and {Nelson},
        Matthew and {Nguyen}, Duy Coung and {Nidever}, David L. and
        {Pinsonneault}, Marc and {Shetrone}, Matthew and {Smee}, Stephen
        and {Smith}, Verne V. and {Stolberg}, Todd and {Skrutskie},
        Michael F. and {Walker}, Eric and {Wilson}, John C. and
        {Zasowski}, Gail and {Anders}, Friedrich and {Basu}, Sarbani and
        {Beland}, Stephane and {Blanton}, Michael R. and {Bovy}, Jo and
        {Brownstein}, Joel R. and {Carlberg}, Joleen and {Chaplin},
        William and {Chiappini}, Cristina and {Eisenstein}, Daniel J.
        and {Elsworth}, Yvonne and {Feuillet}, Diane and {Fleming},
        Scott W. and {Galbraith-Frew}, Jessica and {Garc{\'\i}a}, Rafael
        A. and {Garc{\'\i}a-Hern{\'a}ndez}, D. An{\'\i}bal and
        {Gillespie}, Bruce A. and {Girardi}, L{\'e}o and {Gunn}, James
        E. and {Hasselquist}, Sten and {Hayden}, Michael R. and
        {Hekker}, Saskia and {Ivans}, Inese and {Kinemuchi}, Karen and
        {Klaene}, Mark and {Mahadevan}, Suvrath and {Mathur}, Savita and
        {Mosser}, Beno{\^\i}t and {Muna}, Demitri and {Munn}, Jeffrey A.
        and {Nichol}, Robert C. and {O'Connell}, Robert W. and
        {Parejko}, John K. and {Robin}, A.~C. and {Rocha-Pinto}, Helio
        and {Schultheis}, Matthias and {Serenelli}, Aldo M. and {Shane},
        Neville and {Silva Aguirre}, Victor and {Sobeck}, Jennifer S.
        and {Thompson}, Benjamin and {Troup}, Nicholas W. and
        {Weinberg}, David H. and {Zamora}, Olga},
        title = "{The Apache Point Observatory Galactic Evolution Experiment (APOGEE)}",
      journal = {AJ},
     keywords = {Galaxy: abundances, Galaxy: evolution, Galaxy: formation, Galaxy:
        kinematics and dynamics, Galaxy: stellar content, Galaxy:
        structure, Astrophysics - Instrumentation and Methods for
        Astrophysics, Astrophysics - Astrophysics of Galaxies},
         year = 2017,
        month = Sep,
       volume = {154},
          eid = {94},
        pages = {94},
          doi = {10.3847/1538-3881/aa784d},
 primaryClass = {astro-ph.IM},
       adsurl = {https://ui.adsabs.harvard.edu/#abs/2017AJ....154...94M},
      adsnote = {Provided by the SAO/NASA Astrophysics Data System}
}

@ARTICLE{Gunn2006,
       author = {{Gunn}, James E. and {Siegmund}, Walter A. and {Mannery}, Edward J. and
        {Owen}, Russell E. and {Hull}, Charles L. and {Leger}, R. French
        and {Carey}, Larry N. and {Knapp}, Gillian R. and {York}, Donald
        G. and {Boroski}, William N. and {Kent}, Stephen M. and
        {Lupton}, Robert H. and {Rockosi}, Constance M. and {Evans},
        Michael L. and {Waddell}, Patrick and {Anderson}, John E. and
        {Annis}, James and {Barentine}, John C. and {Bartoszek}, Larry
        M. and {Bastian}, Steven and {Bracker}, Stephen B. and
        {Brewington}, Howard J. and {Briegel}, Charles I. and
        {Brinkmann}, Jon and {Brown}, Yorke J. and {Carr}, Michael A.
        and {Czarapata}, Paul C. and {Drennan}, Craig C. and {Dombeck},
        Thomas and {Federwitz}, Glenn R. and {Gillespie}, Bruce A. and
        {Gonzales}, Carlos and {Hansen}, Sten U. and {Harvanek}, Michael
        and {Hayes}, Jeffrey and {Jordan}, Wendell and {Kinney}, Ellyne
        and {Klaene}, Mark and {Kleinman}, S.~J. and {Kron}, Richard G.
        and {Kresinski}, Jurek and {Lee}, Glenn and {Limmongkol},
        Siriluk and {Lindenmeyer}, Carl W. and {Long}, Daniel C. and
        {Loomis}, Craig L. and {McGehee}, Peregrine M. and {Mantsch},
        Paul M. and {Neilsen}, Eric H., Jr. and {Neswold}, Richard M.
        and {Newman}, Peter R. and {Nitta}, Atsuko and {Peoples}, John,
        Jr. and {Pier}, Jeffrey R. and {Prieto}, Peter S. and
        {Prosapio}, Angela and {Rivetta}, Claudio and {Schneider},
        Donald P. and {Snedden}, Stephanie and {Wang}, Shu-i.},
        title = "{The 2.5 m Telescope of the Sloan Digital Sky Survey}",
      journal = {AJ},
     keywords = {Surveys, Telescopes, Astrophysics},
         year = 2006,
        month = Apr,
       volume = {131},
        pages = {2332-2359},
          doi = {10.1086/500975},
archivePrefix = {arXiv},
       eprint = {astro-ph/0602326},
 primaryClass = {astro-ph},
       adsurl = {https://ui.adsabs.harvard.edu/#abs/2006AJ....131.2332G},
      adsnote = {Provided by the SAO/NASA Astrophysics Data System}
}

@ARTICLE{Abolfathi2018,
   author = {{Abolfathi}, B. and {Aguado}, D.~S. and {Aguilar}, G. and {Allende Prieto}, C. and 
    {Almeida}, A. and {Ananna}, T.~T. and {Anders}, F. and {Anderson}, S.~F. and 
    {Andrews}, B.~H. and {Anguiano}, B. and et al.},
    title = "{The Fourteenth Data Release of the Sloan Digital Sky Survey: First Spectroscopic Data from the Extended Baryon Oscillation Spectroscopic Survey and from the Second Phase of the Apache Point Observatory Galactic Evolution Experiment}",
  journal = {ApJs},
archivePrefix = "arXiv",
   eprint = {1707.09322},
 keywords = {atlases, catalogs, surveys},
     year = 2018,
    month = apr,
   volume = 235,
      eid = {42},
    pages = {42},
      doi = {10.3847/1538-4365/aa9e8a},
   adsurl = {http://adsabs.harvard.edu/abs/2018ApJS..235...42A},
  adsnote = {Provided by the SAO/NASA Astrophysics Data System}
}

@ARTICLE{Alam2015,
       author = {{Alam}, Shadab and {Albareti}, Franco D. and {Allende Prieto}, Carlos
        and {Anders}, F. and {Anderson}, Scott F. and {Anderton},
        Timothy and {Andrews}, Brett H. and {Armengaud}, Eric and
        {Aubourg}, {\'E}ric and {Bailey}, Stephen and {Basu}, Sarbani
        and {Bautista}, Julian E. and {Beaton}, Rachael L. and {Beers},
        Timothy C. and {Bender}, Chad F. and {Berlind}, Andreas A. and
        {Beutler}, Florian and {Bhardwaj}, Vaishali and {Bird}, Jonathan
        C. and {Bizyaev}, Dmitry and {Blake}, Cullen H. and {Blanton},
        Michael R. and {Blomqvist}, Michael and {Bochanski}, John J. and
        {Bolton}, Adam S. and {Bovy}, Jo and {Shelden Bradley}, A. and
        {Brandt}, W.~N. and {Brauer}, D.~E. and {Brinkmann}, J. and
        {Brown}, Peter J. and {Brownstein}, Joel R. and {Burden}, Angela
        and {Burtin}, Etienne and {Busca}, Nicol{\'a}s G. and {Cai},
        Zheng and {Capozzi}, Diego and {Carnero Rosell}, Aurelio and
        {Carr}, Michael A. and {Carrera}, Ricardo and {Chambers}, K.~C.
        and {Chaplin}, William James and {Chen}, Yen-Chi and
        {Chiappini}, Cristina and {Chojnowski}, S. Drew and {Chuang},
        Chia-Hsun and {Clerc}, Nicolas and {Comparat}, Johan and
        {Covey}, Kevin and {Croft}, Rupert A.~C. and {Cuesta}, Antonio
        J. and {Cunha}, Katia and {da Costa}, Luiz N. and {Da Rio},
        Nicola and {Davenport}, James R.~A. and {Dawson}, Kyle S. and
        {De Lee}, Nathan and {Delubac}, Timoth{\'e}e and {Deshpande},
        Rohit and {Dhital}, Saurav and {Dutra-Ferreira}, Let{\'\i}cia
        and {Dwelly}, Tom and {Ealet}, Anne and {Ebelke}, Garrett L. and
        {Edmondson}, Edward M. and {Eisenstein}, Daniel J. and
        {Ellsworth}, Tristan and {Elsworth}, Yvonne and {Epstein},
        Courtney R. and {Eracleous}, Michael and {Escoffier}, Stephanie
        and {Esposito}, Massimiliano and {Evans}, Michael L. and {Fan},
        Xiaohui and {Fern{\'a}ndez-Alvar}, Emma and {Feuillet}, Diane
        and {Filiz Ak}, Nurten and {Finley}, Hayley and {Finoguenov},
        Alexis and {Flaherty}, Kevin and {Fleming}, Scott W. and {Font-
        Ribera}, Andreu and {Foster}, Jonathan and {Frinchaboy}, Peter
        M. and {Galbraith-Frew}, J.~G. and {Garc{\'\i}a}, Rafael A. and
        {Garc{\'\i}a-Hern{\'a}ndez}, D.~A. and {Garc{\'\i}a P{\'e}rez},
        Ana E. and {Gaulme}, Patrick and {Ge}, Jian and {G{\'e}nova-
        Santos}, R. and {Georgakakis}, A. and {Ghezzi}, Luan and
        {Gillespie}, Bruce A. and {Girardi}, L{\'e}o and {Goddard},
        Daniel and {Gontcho}, Satya Gontcho A. and {Gonz{\'a}lez
        Hern{\'a}ndez}, Jonay I. and {Grebel}, Eva K. and {Green}, Paul
        J. and {Grieb}, Jan Niklas and {Grieves}, Nolan and {Gunn},
        James E. and {Guo}, Hong and {Harding}, Paul and {Hasselquist},
        Sten and {Hawley}, Suzanne L. and {Hayden}, Michael and
        {Hearty}, Fred R. and {Hekker}, Saskia and {Ho}, Shirley and
        {Hogg}, David W. and {Holley-Bockelmann}, Kelly and {Holtzman},
        Jon A. and {Honscheid}, Klaus and {Huber}, Daniel and
        {Huehnerhoff}, Joseph and {Ivans}, Inese I. and {Jiang}, Linhua
        and {Johnson}, Jennifer A. and {Kinemuchi}, Karen and {Kirkby},
        David and {Kitaura}, Francisco and {Klaene}, Mark A. and
        {Knapp}, Gillian R. and {Kneib}, Jean-Paul and {Koenig}, Xavier
        P. and {Lam}, Charles R. and {Lan}, Ting-Wen and {Lang}, Dustin
        and {Laurent}, Pierre and {Le Goff}, Jean-Marc and {Leauthaud},
        Alexie and {Lee}, Khee-Gan and {Lee}, Young Sun and {Licquia},
        Timothy C. and {Liu}, Jian and {Long}, Daniel C. and {L{\'o}pez-
        Corredoira}, Mart{\'\i}n and {Lorenzo-Oliveira}, Diego and
        {Lucatello}, Sara and {Lundgren}, Britt and {Lupton}, Robert H.
        and {Mack}, Claude E., III and {Mahadevan}, Suvrath and {Maia},
        Marcio A.~G. and {Majewski}, Steven R. and {Malanushenko}, Elena
        and {Malanushenko}, Viktor and {Manchado}, A. and {Manera}, Marc
        and {Mao}, Qingqing and {Maraston}, Claudia and {Marchwinski},
        Robert C. and {Margala}, Daniel and {Martell}, Sarah L. and
        {Martig}, Marie and {Masters}, Karen L. and {Mathur}, Savita and
        {McBride}, Cameron K. and {McGehee}, Peregrine M. and {McGreer},
        Ian D. and {McMahon}, Richard G. and {M{\'e}nard}, Brice and
        {Menzel}, Marie-Luise and {Merloni}, Andrea and
        {M{\'e}sz{\'a}ros}, Szabolcs and {Miller}, Adam A. and {Miralda-
        Escud{\'e}}, Jordi and {Miyatake}, Hironao and {Montero-Dorta},
        Antonio D. and {More}, Surhud and {Morganson}, Eric and {Morice-
        Atkinson}, Xan and {Morrison}, Heather L. and {Mosser},
        Ben{\^o}it and {Muna}, Demitri and {Myers}, Adam D. and
        {Nandra}, Kirpal and {Newman}, Jeffrey A. and {Neyrinck}, Mark
        and {Nguyen}, Duy Cuong and {Nichol}, Robert C. and {Nidever},
        David L. and {Noterdaeme}, Pasquier and {Nuza}, Sebasti{\'a}n E.
        and {O'Connell}, Julia E. and {O'Connell}, Robert W. and
        {O'Connell}, Ross and {Ogando}, Ricardo L.~C. and {Olmstead},
        Matthew D. and {Oravetz}, Audrey E. and {Oravetz}, Daniel J. and
        {Osumi}, Keisuke and {Owen}, Russell and {Padgett}, Deborah L.
        and {Padmanabhan}, Nikhil and {Paegert}, Martin and {Palanque-
        Delabrouille}, Nathalie and {Pan}, Kaike and {Parejko}, John K.
        and {P{\^a}ris}, Isabelle and {Park}, Changbom and
        {Pattarakijwanich}, Petchara and {Pellejero-Ibanez}, M. and
        {Pepper}, Joshua and {Percival}, Will J. and {P{\'e}rez-
        Fournon}, Ismael and {Ṕrez-Ra`fols}, Ignasi and {Petitjean},
        Patrick and {Pieri}, Matthew M. and {Pinsonneault}, Marc H. and
        {Porto de Mello}, Gustavo F. and {Prada}, Francisco and
        {Prakash}, Abhishek and {Price-Whelan}, Adrian M. and
        {Protopapas}, Pavlos and {Raddick}, M. Jordan and {Rahman},
        Mubdi and {Reid}, Beth A. and {Rich}, James and {Rix}, Hans-
        Walter and {Robin}, Annie C. and {Rockosi}, Constance M. and
        {Rodrigues}, Tha{\'\i}se S. and {Rodr{\'\i}guez-Torres}, Sergio
        and {Roe}, Natalie A. and {Ross}, Ashley J. and {Ross}, Nicholas
        P. and {Rossi}, Graziano and {Ruan}, John J. and
        {Rubi{\~n}o-Mart{\'\i}n}, J.~A. and {Rykoff}, Eli S. and
        {Salazar-Albornoz}, Salvador and {Salvato}, Mara and {Samushia},
        Lado and {S{\'a}nchez}, Ariel G. and {Santiago}, Bas{\'\i}lio
        and {Sayres}, Conor and {Schiavon}, Ricardo P. and {Schlegel},
        David J. and {Schmidt}, Sarah J. and {Schneider}, Donald P. and
        {Schultheis}, Mathias and {Schwope}, Axel D. and {Sc{\'o}ccola},
        C.~G. and {Scott}, Caroline and {Sellgren}, Kris and {Seo}, Hee-
        Jong and {Serenelli}, Aldo and {Shane}, Neville and {Shen}, Yue
        and {Shetrone}, Matthew and {Shu}, Yiping and {Silva Aguirre},
        V. and {Sivarani}, Thirupathi and {Skrutskie}, M.~F. and
        {Slosar}, An{\v{z}}e and {Smith}, Verne V. and {Sobreira},
        Fl{\'a}via and {Souto}, Diogo and {Stassun}, Keivan G. and
        {Steinmetz}, Matthias and {Stello}, Dennis and {Strauss},
        Michael A. and {Streblyanska}, Alina and {Suzuki}, Nao and
        {Swanson}, Molly E.~C. and {Tan}, Jonathan C. and {Tayar}, Jamie
        and {Terrien}, Ryan C. and {Thakar}, Aniruddha R. and {Thomas},
        Daniel and {Thomas}, Neil and {Thompson}, Benjamin A. and
        {Tinker}, Jeremy L. and {Tojeiro}, Rita and {Troup}, Nicholas W.
        and {Vargas-Maga{\~n}a}, Mariana and {Vazquez}, Jose A. and
        {Verde}, Licia and {Viel}, Matteo and {Vogt}, Nicole P. and
        {Wake}, David A. and {Wang}, Ji and {Weaver}, Benjamin A. and
        {Weinberg}, David H. and {Weiner}, Benjamin J. and {White},
        Martin and {Wilson}, John C. and {Wisniewski}, John P. and
        {Wood-Vasey}, W.~M. and {Ye`che}, Christophe and {York}, Donald
        G. and {Zakamska}, Nadia L. and {Zamora}, O. and {Zasowski},
        Gail and {Zehavi}, Idit and {Zhao}, Gong-Bo and {Zheng}, Zheng
        and {Zhou}, Xu and {Zhou}, Zhimin and {Zou}, Hu and {Zhu},
        Guangtun},
        title = "{The Eleventh and Twelfth Data Releases of the Sloan Digital Sky Survey:
        Final Data from SDSS-III}",
      journal = {The Astrophysical Journal Supplement Series},
     keywords = {atlases, catalogs, surveys, Astrophysics - Instrumentation and Methods
        for Astrophysics, Astrophysics - Astrophysics of Galaxies,
        Astrophysics - Solar and Stellar Astrophysics},
         year = 2015,
        month = Jul,
       volume = {219},
          eid = {12},
        pages = {12},
          doi = {10.1088/0067-0049/219/1/12},
 primaryClass = {astro-ph.IM},
       adsurl = {https://ui.adsabs.harvard.edu/#abs/2015ApJS..219...12A},
      adsnote = {Provided by the SAO/NASA Astrophysics Data System}
}

@ARTICLE{GarciaPerez2016,
       author = {{Garc{\'\i}a P{\'e}rez}, Ana E. and {Allende Prieto}, Carlos and
        {Holtzman}, Jon A. and {Shetrone}, Matthew and
        {M{\'e}sz{\'a}ros}, Szabolcs and {Bizyaev}, Dmitry and
        {Carrera}, Ricardo and {Cunha}, Katia and
        {Garc{\'\i}a-Hern{\'a}ndez}, D.~A. and {Johnson}, Jennifer A.
        and {Majewski}, Steven R. and {Nidever}, David L. and
        {Schiavon}, Ricardo P. and {Shane}, Neville and {Smith}, Verne
        V. and {Sobeck}, Jennifer and {Troup}, Nicholas and {Zamora},
        Olga and {Weinberg}, David H. and {Bovy}, Jo and {Eisenstein},
        Daniel J. and {Feuillet}, Diane and {Frinchaboy}, Peter M. and
        {Hayden}, Michael R. and {Hearty}, Fred R. and {Nguyen}, Duy C.
        and {O'Connell}, Robert W. and {Pinsonneault}, Marc H. and
        {Wilson}, John C. and {Zasowski}, Gail},
        title = "{ASPCAP: The APOGEE Stellar Parameter and Chemical Abundances Pipeline}",
      journal = {AJ},
     keywords = {Galaxy: center, Galaxy: structure, methods: data analysis, stars:
        abundances, stars: atmospheres, Astrophysics - Solar and Stellar
        Astrophysics},
         year = 2016,
        month = Jun,
       volume = {151},
          eid = {144},
        pages = {144},
          doi = {10.3847/0004-6256/151/6/144},
 primaryClass = {astro-ph.SR},
       adsurl = {https://ui.adsabs.harvard.edu/#abs/2016AJ....151..144G},
      adsnote = {Provided by the SAO/NASA Astrophysics Data System}
}

@ARTICLE{Kroupa2001,
       author = {{Kroupa}, Pavel},
        title = "{On the variation of the initial mass function}",
      journal = {MNRAS},
     keywords = {BINARIES: GENERAL, STARS: FORMATION, STARS: KINEMATICS, STARS:
        LUMINOSITY FUNCTION, MASS FUNCTION, GLOBULAR CLUSTERS: GENERAL,
        OPEN CLUSTERS AND ASSOCIATIONS: GENERAL, Astrophysics},
         year = 2001,
        month = Apr,
       volume = {322},
        pages = {231-246},
          doi = {10.1046/j.1365-8711.2001.04022.x},
archivePrefix = {arXiv},
       eprint = {astro-ph/0009005},
 primaryClass = {astro-ph},
       adsurl = {https://ui.adsabs.harvard.edu/#abs/2001MNRAS.322..231K},
      adsnote = {Provided by the SAO/NASA Astrophysics Data System}
}

@ARTICLE{Lada2003,
       author = {{Lada}, Charles J. and {Lada}, Elizabeth A.},
        title = "{Embedded Clusters in Molecular Clouds}",
      journal = {Annual Review of Astronomy and Astrophysics},
     keywords = {Astrophysics},
         year = 2003,
        month = Jan,
       volume = {41},
        pages = {57-115},
          doi = {10.1146/annurev.astro.41.011802.094844},
archivePrefix = {arXiv},
       eprint = {astro-ph/0301540},
 primaryClass = {astro-ph},
       adsurl = {https://ui.adsabs.harvard.edu/#abs/2003ARA&A..41...57L},
      adsnote = {Provided by the SAO/NASA Astrophysics Data System}
}

@ARTICLE{Ting2015,
       author = {{Ting}, Yuan-Sen and {Conroy}, Charlie and {Goodman}, Alyssa},
        title = "{Prospects for Chemically Tagging Stars in the Galaxy}",
      journal = {ApJ},
     keywords = {Galaxy: abundances, Galaxy: disk, Galaxy: evolution, Galaxy: formation,
        ISM: abundances, stars: abundances, Astrophysics - Astrophysics
        of Galaxies},
         year = 2015,
        month = Jul,
       volume = {807},
          eid = {104},
        pages = {104},
          doi = {10.1088/0004-637X/807/1/104},
 primaryClass = {astro-ph.GA},
       adsurl = {https://ui.adsabs.harvard.edu/#abs/2015ApJ...807..104T},
      adsnote = {Provided by the SAO/NASA Astrophysics Data System}
}

@ARTICLE{Bovy2016,
   author = {{Bovy}, J.},
    title = "{The Chemical Homogeneity of Open Clusters}",
  journal = {ApJ},
archivePrefix = "arXiv",
   eprint = {1510.06745},
 keywords = {Galaxy: abundances, Galaxy: disk, Galaxy: evolution, Galaxy: formation, Galaxy: fundamental parameters, Galaxy: structure},
     year = 2016,
    month = jan,
   volume = 817,
      eid = {49},
    pages = {49},
      doi = {10.3847/0004-637X/817/1/49},
   adsurl = {http://adsabs.harvard.edu/abs/2016ApJ...817...49B},
  adsnote = {Provided by the SAO/NASA Astrophysics Data System}
}

@ARTICLE{Holtzman2015,
       author = {{Holtzman}, Jon A. and {Shetrone}, Matthew and {Johnson}, Jennifer A.
        and {Allende Prieto}, Carlos and {Anders}, Friedrich and
        {Andrews}, Brett and {Beers}, Timothy C. and {Bizyaev}, Dmitry
        and {Blanton}, Michael R. and {Bovy}, Jo and {Carrera}, Ricardo
        and {Chojnowski}, S. Drew and {Cunha}, Katia and {Eisenstein},
        Daniel J. and {Feuillet}, Diane and {Frinchaboy}, Peter M. and
        {Galbraith-Frew}, Jessica and {Garc{\'\i}a P{\'e}rez}, Ana E.
        and {Garc{\'\i}a-Hern{\'a}ndez}, D.~A. and {Hasselquist}, Sten
        and {Hayden}, Michael R. and {Hearty}, Fred R. and {Ivans},
        Inese and {Majewski}, Steven R. and {Martell}, Sarah and
        {Meszaros}, Szabolcs and {Muna}, Demitri and {Nidever}, David
        and {Nguyen}, Duy Cuong and {O'Connell}, Robert W. and {Pan},
        Kaike and {Pinsonneault}, Marc and {Robin}, Annie C. and
        {Schiavon}, Ricardo P. and {Shane}, Neville and {Sobeck},
        Jennifer and {Smith}, Verne V. and {Troup}, Nicholas and
        {Weinberg}, David H. and {Wilson}, John C. and {Wood-Vasey},
        W.~M. and {Zamora}, Olga and {Zasowski}, Gail},
        title = "{Abundances, Stellar Parameters, and Spectra from the SDSS-III/APOGEE
        Survey}",
      journal = {AJ},
     keywords = {astronomical databases: miscellaneous, Galaxy: abundances, stars:
        abundances, surveys, Astrophysics - Astrophysics of Galaxies,
        Astrophysics - Instrumentation and Methods for Astrophysics,
        Astrophysics - Solar and Stellar Astrophysics},
         year = 2015,
        month = Nov,
       volume = {150},
          eid = {148},
        pages = {148},
          doi = {10.1088/0004-6256/150/5/148},
 primaryClass = {astro-ph.GA},
       adsurl = {https://ui.adsabs.harvard.edu/#abs/2015AJ....150..148H},
      adsnote = {Provided by the SAO/NASA Astrophysics Data System}
}

@ARTICLE{Leung2019,
       author = {{Leung}, Henry W. and {Bovy}, Jo},
        title = "{Deep learning of multi-element abundances from high-resolution spectroscopic data}",
      journal = {MNRAS},
     keywords = {methods: data analysis, techniques: spectroscopic, stars: abundances, stars: fundamental parameters, Astrophysics - Astrophysics of Galaxies, Astrophysics - Instrumentation and Methods for Astrophysics},
         year = 2019,
        month = Mar,
       volume = {483},
        pages = {3255-3277},
          doi = {10.1093/mnras/sty3217},
archivePrefix = {arXiv},
       eprint = {1808.04428},
 primaryClass = {astro-ph.GA},
       adsurl = {https://ui.adsabs.harvard.edu/\#abs/2019MNRAS.483.3255L},
      adsnote = {Provided by the SAO/NASA Astrophysics Data System}
}



@ARTICLE{Ting2016,
       author = {{Ting}, Yuan-Sen and {Conroy}, Charlie and {Rix}, Hans-Walter},
        title = "{APOGEE Chemical Tagging Constraint on the Maximum Star Cluster Mass in
        the Alpha-enhanced Galactic Disk}",
      journal = {ApJ},
     keywords = {Galaxy: abundances, Galaxy: disk, Galaxy: evolution, Galaxy: formation,
        ISM: abundances, stars: abundances, Astrophysics - Astrophysics
        of Galaxies},
         year = 2016,
        month = Jan,
       volume = {816},
          eid = {10},
        pages = {10},
          doi = {10.3847/0004-637X/816/1/10},
 primaryClass = {astro-ph.GA},
       adsurl = {https://ui.adsabs.harvard.edu/#abs/2016ApJ...816...10T},
      adsnote = {Provided by the SAO/NASA Astrophysics Data System}
}

@ARTICLE{Ting2016b,
       author = {{Ting}, Yuan-Sen and {Conroy}, Charlie and {Rix}, Hans-Walter},
        title = "{Accelerated Fitting of Stellar Spectra}",
      journal = {ApJ},
     keywords = {methods: data analysis, stars: abundances, stars: atmospheres,
        techniques: spectroscopic, Astrophysics - Solar and Stellar
        Astrophysics, Astrophysics - Astrophysics of Galaxies},
         year = 2016,
        month = Jul,
       volume = {826},
          eid = {83},
        pages = {83},
          doi = {10.3847/0004-637X/826/1/83},
 primaryClass = {astro-ph.SR},
       adsurl = {https://ui.adsabs.harvard.edu/#abs/2016ApJ...826...83T},
      adsnote = {Provided by the SAO/NASA Astrophysics Data System}
}

@ARTICLE{Rix2016,
       author = {{Rix}, Hans-Walter and {Ting}, Yuan-Sen and {Conroy}, Charlie and
        {Hogg}, David W.},
        title = "{Constructing Polynomial Spectral Models for Stars}",
      journal = {ApJ},
     keywords = {methods: data analysis, stars: abundances, stars: atmospheres,
        techniques: spectroscopic, Astrophysics - Solar and Stellar
        Astrophysics},
         year = 2016,
        month = Aug,
       volume = {826},
          eid = {L25},
        pages = {L25},
          doi = {10.3847/2041-8205/826/2/L25},
 primaryClass = {astro-ph.SR},
       adsurl = {https://ui.adsabs.harvard.edu/#abs/2016ApJ...826L..25R},
      adsnote = {Provided by the SAO/NASA Astrophysics Data System}
}

@ARTICLE{Price-Jones2018,
       author = {{Price-Jones}, Natalie and {Bovy}, Jo},
        title = "{The dimensionality of stellar chemical space using spectra from the
        Apache Point Observatory Galactic Evolution Experiment}",
      journal = {MNRAS},
     keywords = {techniques: spectroscopic, stars: abundances, stars: late-type, Galaxy:
        evolution, open clusters and associations: general, Astrophysics
        - Astrophysics of Galaxies, Astrophysics - Solar and Stellar
        Astrophysics},
         year = 2018,
        month = Mar,
       volume = {475},
        pages = {1410-1425},
          doi = {10.1093/mnras/stx3198},
 primaryClass = {astro-ph.GA},
       adsurl = {https://ui.adsabs.harvard.edu/#abs/2018MNRAS.475.1410P},
      adsnote = {Provided by the SAO/NASA Astrophysics Data System}
}

@ARTICLE{Shlens2014,
       author = {{Shlens}, Jonathon},
        title = "{A Tutorial on Principal Component Analysis}",
      journal = {ArXiv e-prints},
     keywords = {Computer Science - Machine Learning, Statistics - Machine Learning},
         year = 2014,
        month = Apr,
          eid = {arXiv:1404.1100},
        pages = {arXiv:1404.1100},
archivePrefix = {arXiv},
       eprint = {1404.1100},
 primaryClass = {cs.LG},
       adsurl = {https://ui.adsabs.harvard.edu/#abs/2014arXiv1404.1100S},
      adsnote = {Provided by the SAO/NASA Astrophysics Data System}
}

@inproceedings{Ester1996,
 author = {Ester, Martin and Kriegel, Hans-Peter and Sander, J\"{o}rg and Xu, Xiaowei},
 title = {A Density-based Algorithm for Discovering Clusters a Density-based Algorithm for Discovering Clusters in Large Spatial Databases with Noise},
 booktitle = {Proceedings of the Second International Conference on Knowledge Discovery and Data Mining},
 series = {KDD'96},
 year = {1996},
 location = {Portland, Oregon},
 pages = {226--231},
 numpages = {6},
 url = {http://dl.acm.org/citation.cfm?id=3001460.3001507},
 acmid = {3001507},
 publisher = {AAAI Press},
 keywords = {arbitrary shape of clusters, clustering algorithms, efficiency on large spatial databases, handling nlj4-275oise},
} 

@article{Rousseeuw1987,
title = "Silhouettes: A graphical aid to the interpretation and validation of cluster analysis",
journal = "Journal of Computational and Applied Mathematics",
volume = "20",
pages = "53 - 65",
year = "1987",
issn = "0377-0427",
doi = "https://doi.org/10.1016/0377-0427(87)90125-7",
url = "http://www.sciencedirect.com/science/article/pii/0377042787901257",
author = "Peter J. Rousseeuw",
keywords = "Graphical display, cluster analysis, clustering validity, classification"
}

@ARTICLE{Meszaros2015,
       author = {{M{\'e}sz{\'a}ros}, Szabolcs and {Martell}, Sarah L. and {Shetrone},
        Matthew and {Lucatello}, Sara and {Troup}, Nicholas W. and
        {Bovy}, Jo and {Cunha}, Katia and {Garc{\'\i}a-Hern{\'a}ndez},
        Domingo A. and {Overbeek}, Jamie C. and {Allende Prieto}, Carlos
        and {Beers}, Timothy C. and {Frinchaboy}, Peter M. and
        {Garc{\'\i}a P{\'e}rez}, Ana E. and {Hearty}, Fred R. and
        {Holtzman}, Jon and {Majewski}, Steven R. and {Nidever}, David
        L. and {Schiavon}, Ricardo P. and {Schneider}, Donald P. and
        {Sobeck}, Jennifer S. and {Smith}, Verne V. and {Zamora}, Olga
        and {Zasowski}, Gail},
        title = "{Exploring Anticorrelations and Light Element Variations in Northern
        Globular Clusters Observed by the APOGEE Survey}",
      journal = {AJ},
     keywords = {stars: abundances, stars: AGB and post-AGB, stars: chemically peculiar,
        stars: evolution, Astrophysics - Solar and Stellar Astrophysics},
         year = 2015,
        month = May,
       volume = {149},
          eid = {153},
        pages = {153},
          doi = {10.1088/0004-6256/149/5/153},
 primaryClass = {astro-ph.SR},
       adsurl = {https://ui.adsabs.harvard.edu/#abs/2015AJ....149..153M},
      adsnote = {Provided by the SAO/NASA Astrophysics Data System}
}

@ARTICLE{Frinchaboy2003,
       author = {{Frinchaboy}, Peter M. and {Thompson}, Benjamin and {Jackson}, Kelly M.
        and {O'Connell}, Julia and {Meyer}, Brianne and {Zasowski}, Gail
        and {Majewski}, Steven R. and {Chojnowksi}, S. Drew and
        {Johnson}, Jennifer A. and {Allende Prieto}, Carlos and {Beers},
        Timothy C. and {Bizyaev}, Dmitry and {Brewington}, Howard and
        {Cunha}, Katia and {Ebelke}, Garrett and {Garc{\'\i}a
        P{\'e}rez}, Ana Elia and {Hearty}, Frederick R. and {Holtzman},
        Jon and {Kinemuchi}, Karen and {Malanushenko}, Elena and
        {Malanushenko}, Viktor and {Marchante}, Moses and
        {M{\'e}sz{\'a}ros}, Szabolcs and {Muna}, Demitri and {Nidever},
        David L. and {Oravetz}, Daniel and {Pan}, Kaike and {Schiavon},
        Ricardo P. and {Schneider}, Donald P. and {Shetrone}, Matthew
        and {Simmons}, Audrey and {Snedden}, Stephanie and {Smith},
        Verne V. and {Wilson}, John C.},
        title = "{The Open Cluster Chemical Analysis and Mapping Survey: Local Galactic
        Metallicity Gradient with APOGEE Using SDSS DR10}",
      journal = {ApJ},
     keywords = {Galaxy: abundances, Galaxy: disk, Galaxy: evolution, open clusters and
        associations: general, Astrophysics - Astrophysics of Galaxies},
         year = 2013,
        month = Nov,
       volume = {777},
          eid = {L1},
        pages = {L1},
          doi = {10.1088/2041-8205/777/1/L1},
archivePrefix = {arXiv},
       eprint = {1308.4195},
 primaryClass = {astro-ph.GA},
       adsurl = {https://ui.adsabs.harvard.edu/#abs/2013ApJ...777L...1F},
      adsnote = {Provided by the SAO/NASA Astrophysics Data System}
}


@ARTICLE{Donor2018,
       author = {{Donor}, John and {Frinchaboy}, Peter M. and {Cunha}, Katia and
        {Thompson}, Benjamin and {O{\textquoteright}Connell}, Julia and
        {Zasowski}, Gail and {Jackson}, Kelly M. and {Meyer McGrath},
        Brianne and {Almeida}, Andr{\'e}s and {Bizyaev}, Dmitry and
        {Carrera}, Ricardo and {Garc{\'\i}a-Hern{\'a}ndez}, D.~A. and
        {Nitschelm}, Christian and {Pan}, Kaike and {Zamora}, Olga},
        title = "{The Open Cluster Chemical Abundances and Mapping Survey. II. Precision Cluster Abundances for APOGEE Using SDSS DR14}",
      journal = {AJ},
     keywords = {Galaxy: abundances, Galaxy: disk, Galaxy: evolution, open clusters and associations: general, Astrophysics - Astrophysics of Galaxies},
         year = 2018,
        month = Oct,
       volume = {156},
          eid = {142},
        pages = {142},
          doi = {10.3847/1538-3881/aad635},
archivePrefix = {arXiv},
       eprint = {1807.09791},
 primaryClass = {astro-ph.GA},
       adsurl = {https://ui.adsabs.harvard.edu/\#abs/2018AJ....156..142D},
      adsnote = {Provided by the SAO/NASA Astrophysics Data System}
}




@ARTICLE{Freeman2002,
       author = {{Freeman}, Ken and {Bland-Hawthorn}, Joss},
        title = "{The New Galaxy: Signatures of Its Formation}",
      journal = {Annual Review of Astronomy and Astrophysics},
     keywords = {osmology, local group, stellar populations, stellar kinematics,
        Astrophysics},
         year = 2002,
        month = Jan,
       volume = {40},
        pages = {487-537},
          doi = {10.1146/annurev.astro.40.060401.093840},
archivePrefix = {arXiv},
       eprint = {astro-ph/0208106},
 primaryClass = {astro-ph},
       adsurl = {https://ui.adsabs.harvard.edu/#abs/2002ARA&A..40..487F},
      adsnote = {Provided by the SAO/NASA Astrophysics Data System}
}



@ARTICLE{Dotter2017,
       author = {{Dotter}, Aaron and {Conroy}, Charlie and {Cargile}, Phillip and
        {Asplund}, Martin},
        title = "{The Influence of Atomic Diffusion on Stellar Ages and Chemical Tagging}",
      journal = {ApJ},
     keywords = {stars: abundances, stars: evolution, Astrophysics - Solar and Stellar
        Astrophysics, Astrophysics - Astrophysics of Galaxies},
         year = 2017,
        month = May,
       volume = {840},
          eid = {99},
        pages = {99},
          doi = {10.3847/1538-4357/aa6d10},
 primaryClass = {astro-ph.SR},
       adsurl = {https://ui.adsabs.harvard.edu/#abs/2017ApJ...840...99D},
      adsnote = {Provided by the SAO/NASA Astrophysics Data System}
}

@ARTICLE{Steinmetz2006,
       author = {{Steinmetz}, M. and {Zwitter}, T. and {Siebert}, A. and {Watson}, F.~G.
        and {Freeman}, K.~C. and {Munari}, U. and {Campbell}, R. and
        {Williams}, M. and {Seabroke}, G.~M. and {Wyse}, R.~F.~G. and
        {Parker}, Q.~A. and {Bienaym{\'e}}, O. and {Roeser}, S. and
        {Gibson}, B.~K. and {Gilmore}, G. and {Grebel}, E.~K. and
        {Helmi}, A. and {Navarro}, J.~F. and {Burton}, D. and {Cass},
        C.~J.~P. and {Dawe}, J.~A. and {Fiegert}, K. and {Hartley}, M.
        and {Russell}, K.~S. and {Saunders}, W. and {Enke}, H. and
        {Bailin}, J. and {Binney}, J. and {Bland-Hawthorn}, J. and
        {Boeche}, C. and {Dehnen}, W. and {Eisenstein}, D.~J. and
        {Evans}, N.~W. and {Fiorucci}, M. and {Fulbright}, J.~P. and
        {Gerhard}, O. and {Jauregi}, U. and {Kelz}, A. and
        {Mijovi{\'c}}, L. and {Minchev}, I. and {Parmentier}, G. and
        {Pe{\~n}arrubia}, J. and {Quillen}, A.~C. and {Read}, M.~A. and
        {Ruchti}, G. and {Scholz}, R. -D. and {Siviero}, A. and {Smith},
        M.~C. and {Sordo}, R. and {Veltz}, L. and {Vidrih}, S. and {von
        Berlepsch}, R. and {Boyle}, B.~J. and {Schilbach}, E.},
        title = "{The Radial Velocity Experiment (RAVE): First Data Release}",
      journal = {AJ},
     keywords = {Catalogs, Stars: Fundamental Parameters, Surveys, Astrophysics},
         year = 2006,
        month = Oct,
       volume = {132},
        pages = {1645-1668},
          doi = {10.1086/506564},
archivePrefix = {arXiv},
       eprint = {astro-ph/0606211},
 primaryClass = {astro-ph},
       adsurl = {https://ui.adsabs.harvard.edu/#abs/2006AJ....132.1645S},
      adsnote = {Provided by the SAO/NASA Astrophysics Data System}
}

@ARTICLE{Zhao2012,
       author = {{Zhao}, Gang and {Zhao}, Yong-Heng and {Chu}, Yao-Quan and {Jing}, Yi-
        Peng and {Deng}, Li-Cai},
        title = "{LAMOST spectral survey {\textemdash} An overview}",
      journal = {Research in Astronomy and Astrophysics},
         year = 2012,
        month = Jul,
       volume = {12},
        pages = {723-734},
          doi = {10.1088/1674-4527/12/7/002},
       adsurl = {https://ui.adsabs.harvard.edu/#abs/2012RAA....12..723Z},
      adsnote = {Provided by the SAO/NASA Astrophysics Data System}
}


@ARTICLE{DeSilva2015,
       author = {{De Silva}, G.~M. and {Freeman}, K.~C. and {Bland-Hawthorn}, J. and
        {Martell}, S. and {de Boer}, E. Wylie and {Asplund}, M. and
        {Keller}, S. and {Sharma}, S. and {Zucker}, D.~B. and {Zwitter},
        T. and {Anguiano}, B. and {Bacigalupo}, C. and {Bayliss}, D. and
        {Beavis}, M.~A. and {Bergemann}, M. and {Campbell}, S. and
        {Cannon}, R. and {Carollo}, D. and {Casagrande}, L. and {Casey},
        A.~R. and {Da Costa}, G. and {D'Orazi}, V. and {Dotter}, A. and
        {Duong}, L. and {Heger}, A. and {Ireland}, M.~J. and {Kafle},
        P.~R. and {Kos}, J. and {Lattanzio}, J. and {Lewis}, G.~F. and
        {Lin}, J. and {Lind}, K. and {Munari}, U. and {Nataf}, D.~M. and
        {O'Toole}, S. and {Parker}, Q. and {Reid}, W. and {Schlesinger},
        K.~J. and {Sheinis}, A. and {Simpson}, J.~D. and {Stello}, D.
        and {Ting}, Y. -S. and {Traven}, G. and {Watson}, F. and
        {Wittenmyer}, R. and {Yong}, D. and {{\v{Z}}erjal}, M.},
        title = "{The GALAH survey: scientific motivation}",
      journal = {MNRAS},
     keywords = {Galaxy: stellar content, Astrophysics - Astrophysics of Galaxies,
        Astrophysics - Instrumentation and Methods for Astrophysics,
        Astrophysics - Solar and Stellar Astrophysics},
         year = 2015,
        month = May,
       volume = {449},
        pages = {2604-2617},
          doi = {10.1093/mnras/stv327},
 primaryClass = {astro-ph.GA},
       adsurl = {https://ui.adsabs.harvard.edu/#abs/2015MNRAS.449.2604D},
      adsnote = {Provided by the SAO/NASA Astrophysics Data System}
}


@ARTICLE{DeSilva2006,
       author = {{De Silva}, G.~M. and {Sneden}, C. and {Paulson}, D.~B. and {Asplund},
        M. and {Bland-Hawthorn}, J. and {Bessell}, M.~S. and {Freeman},
        K.~C.},
        title = "{Chemical Homogeneity in the Hyades}",
      journal = {AJ},
     keywords = {Galaxy: Open Clusters and Associations: Individual: Name: Hyades, Stars:
        Abundances, Astrophysics},
         year = 2006,
        month = Jan,
       volume = {131},
        pages = {455-460},
          doi = {10.1086/497968},
archivePrefix = {arXiv},
       eprint = {astro-ph/0509241},
 primaryClass = {astro-ph},
       adsurl = {https://ui.adsabs.harvard.edu/#abs/2006AJ....131..455D},
      adsnote = {Provided by the SAO/NASA Astrophysics Data System}
}

@ARTICLE{DeSilva2007,
       author = {{De Silva}, G.~M. and {Freeman}, K.~C. and {Asplund}, M. and {Bland-Hawthorn}, J. and {Bessell}, M.~S. and {Collet}, R.},
        title = "{Chemical Homogeneity in Collinder 261 and Implications for Chemical
        Tagging}",
      journal = {AJ},
     keywords = {Galaxy: evolution, open clusters and associations: individual: Collinder
        261, stars: abundances, Astrophysics},
         year = 2007,
        month = Mar,
       volume = {133},
        pages = {1161-1175},
          doi = {10.1086/511182},
archivePrefix = {arXiv},
       eprint = {astro-ph/0611832},
 primaryClass = {astro-ph},
       adsurl = {https://ui.adsabs.harvard.edu/#abs/2007AJ....133.1161D},
      adsnote = {Provided by the SAO/NASA Astrophysics Data System}
}

@ARTICLE{Bovy2016,
       author = {{Bovy}, Jo},
        title = "{The Chemical Homogeneity of Open Clusters}",
      journal = {ApJ},
     keywords = {Galaxy: abundances, Galaxy: disk, Galaxy: evolution, Galaxy: formation,
        Galaxy: fundamental parameters, Galaxy: structure, Astrophysics
        - Astrophysics of Galaxies, Astrophysics - Solar and Stellar
        Astrophysics},
         year = 2016,
        month = Jan,
       volume = {817},
          eid = {49},
        pages = {49},
          doi = {10.3847/0004-637X/817/1/49},
 primaryClass = {astro-ph.GA},
       adsurl = {https://ui.adsabs.harvard.edu/#abs/2016ApJ...817...49B},
      adsnote = {Provided by the SAO/NASA Astrophysics Data System}
}
@ARTICLE{Bensby2013,
       author = {{Bensby}, T. and {Feltzing}, S. and {Oey}, M.~S.},
        title = "{Exploring the Milky Way stellar disk. A detailed elemental abundance study of 714 F and G dwarf stars in the solar neighbourhood}",
      journal = {A\&A},
     keywords = {Galaxy: disk, Galaxy: formation, Galaxy: evolution, stars: abundances, stars: fundamental parameters, stars: kinematics and dynamics, Astrophysics - Astrophysics of Galaxies},
         year = 2014,
        month = Feb,
       volume = {562},
          eid = {A71},
        pages = {A71},
          doi = {10.1051/0004-6361/201322631},
archivePrefix = {arXiv},
       eprint = {1309.2631},
 primaryClass = {astro-ph.GA},
       adsurl = {https://ui.adsabs.harvard.edu/\#abs/2014A&A...562A..71B},
      adsnote = {Provided by the SAO/NASA Astrophysics Data System}
}


@ARTICLE{Hasselquist2017,
       author = {{Hasselquist}, Sten and {Shetrone}, Matthew and {Smith}, Verne and
        {Holtzman}, Jon and {McWilliam}, Andrew and {Fern{\'a}ndez-
        Trincado}, J.~G. and {Beers}, Timothy C. and {Majewski}, Steven
        R. and {Nidever}, David L. and {Tang}, Baitian and {Tissera},
        Patricia B. and {Fern{\'a}ndez Alvar}, Emma and {Allende
        Prieto}, Carlos and {Almeida}, Andres and {Anguiano}, Borja and
        {Battaglia}, Giuseppina and {Carigi}, Leticia and {Delgado
        Inglada}, Gloria and {Frinchaboy}, Peter and
        {Garc{\'\i}a-Hern{\'a}ndez}, D.~A. and {Geisler}, Doug and
        {Minniti}, Dante and {Placco}, Vinicius M. and {Schultheis},
        Mathias and {Sobeck}, Jennifer and {Villanova}, Sandro},
        title = "{APOGEE Chemical Abundances of the Sagittarius Dwarf Galaxy}",
      journal = {ApJ},
     keywords = {galaxies: dwarf, galaxies: individual: Sagittarius dSph, galaxies: stellar content, Astrophysics - Astrophysics of Galaxies},
         year = 2017,
        month = Aug,
       volume = {845},
          eid = {162},
        pages = {162},
          doi = {10.3847/1538-4357/aa7ddc},
archivePrefix = {arXiv},
       eprint = {1707.03456},
 primaryClass = {astro-ph.GA},
       adsurl = {https://ui.adsabs.harvard.edu/\#abs/2017ApJ...845..162H},
      adsnote = {Provided by the SAO/NASA Astrophysics Data System}
}



@ARTICLE{Recio-Blanco2017,
       author = {{Recio-Blanco}, A. and {Rojas-Arriagada}, A. and {de Laverny}, P. and
        {Mikolaitis}, S. and {Hill}, V. and {Zoccali}, M. and {Fern{\'a
        }ndez-Trincado}, J.~G. and {Robin}, A.~C. and {Babusiaux}, C.
        and {Gilmore}, G. and {Randich}, S. and {Alfaro}, E. and
        {Allende Prieto}, C. and {Bragaglia}, A. and {Carraro}, G. and
        {Jofr{\'e}}, P. and {Lardo}, C. and {Monaco}, L. and
        {Morbidelli}, L. and {Zaggia}, S.},
        title = "{The Gaia-ESO Survey: Low-{\ensuremath{\alpha}} element stars in the Galactic bulge}",
      journal = {A\&A},
     keywords = {Galaxy: bulge, Galaxy: abundances, Galaxy: stellar content, Astrophysics - Astrophysics of Galaxies},
         year = 2017,
        month = Jun,
       volume = {602},
          eid = {L14},
        pages = {L14},
          doi = {10.1051/0004-6361/201630220},
archivePrefix = {arXiv},
       eprint = {1702.04500},
 primaryClass = {astro-ph.GA},
       adsurl = {https://ui.adsabs.harvard.edu/\#abs/2017A&A...602L..14R},
      adsnote = {Provided by the SAO/NASA Astrophysics Data System}
}



@ARTICLE{Tang2017,
   author = {{Tang}, B. and {Cohen}, R.~E. and {Geisler}, D. and {Schiavon}, R.~P. and 
    {Majewski}, S.~R. and {Villanova}, S. and {Carrera}, R. and 
    {Zamora}, O. and {Garcia-Hernandez}, D.~A. and {Shetrone}, M. and 
    {Frinchaboy}, P. and {Meza}, A. and {Fern{\'a}ndez-Trincado}, J.~G. and 
    {Mu{\~n}oz}, R.~R. and {Lin}, C.-C. and {Lane}, R.~R. and {Nitschelm}, C. and 
    {Pan}, K. and {Bizyaev}, D. and {Oravetz}, D. and {Simmons}, A.
    },
    title = "{Two groups of red giants with distinct chemical abundances in the bulge globular cluster NGC 6553 through the eyes of APOGEE}",
  journal = {MNRAS},
archivePrefix = "arXiv",
   eprint = {1610.06763},
 keywords = {stars: abundances, stars: evolution, Galaxy: bulge, globular clusters: individual: NGC 6553},
     year = 2017,
    month = feb,
   volume = 465,
    pages = {19-31},
      doi = {10.1093/mnras/stw2739},
   adsurl = {http://adsabs.harvard.edu/abs/2017MNRAS.465...19T},
  adsnote = {Provided by the SAO/NASA Astrophysics Data System}
}

@ARTICLE{Fernandex-Trincado2016,
   author = {{Fern{\'a}ndez-Trincado}, J.~G. and {Robin}, A.~C. and {Moreno}, E. and 
    {Schiavon}, R.~P. and {Garc{\'{\i}}a P{\'e}rez}, A.~E. and {Vieira}, K. and 
    {Cunha}, K. and {Zamora}, O. and {Sneden}, C. and {Souto}, D. and 
    {Carrera}, R. and {Johnson}, J.~A. and {Shetrone}, M. and {Zasowski}, G. and 
    {Garc{\'{\i}}a-Hern{\'a}ndez}, D.~A. and {Majewski}, S.~R. and 
    {Reyl{\'e}}, C. and {Blanco-Cuaresma}, S. and {Martinez-Medina}, L.~A. and 
    {P{\'e}rez-Villegas}, A. and {Valenzuela}, O. and {Pichardo}, B. and 
    {Meza}, A. and {M{\'e}sz{\'a}ros}, S. and {Sobeck}, J. and {Geisler}, D. and 
    {Anders}, F. and {Schultheis}, M. and {Tang}, B. and {Roman-Lopes}, A. and 
    {Mennickent}, R.~E. and {Pan}, K. and {Nitschelm}, C. and {Allard}, F.
    },
    title = "{Discovery of a Metal-poor Field Giant with a Globular Cluster Second-generation Abundance Pattern}",
  journal = {ApJ},
archivePrefix = "arXiv",
   eprint = {1604.01279},
 keywords = {globular clusters: general, stars: abundances, stars: Population II},
     year = 2016,
    month = dec,
   volume = 833,
      eid = {132},
    pages = {132},
      doi = {10.3847/1538-4357/833/2/132},
   adsurl = {http://adsabs.harvard.edu/abs/2016ApJ...833..132F},
  adsnote = {Provided by the SAO/NASA Astrophysics Data System}
}



@ARTICLE{Haywood2013,
   author = {{Haywood}, M. and {Di Matteo}, P. and {Lehnert}, M.~D. and {Katz}, D. and 
    {G{\'o}mez}, A.},
    title = "{The age structure of stellar populations in the solar vicinity. Clues of a two-phase formation history of the Milky Way disk}",
  journal = {A\&A},
archivePrefix = "arXiv",
   eprint = {1305.4663},
 keywords = {stars: abundances, stars: kinematics and dynamics, solar neighborhood, Galaxy: disk, Galaxy: formation, Galaxy: evolution},
     year = 2013,
    month = dec,
   volume = 560,
      eid = {A109},
    pages = {A109},
      doi = {10.1051/0004-6361/201321397},
   adsurl = {http://adsabs.harvard.edu/abs/2013A%26A...560A.109H},
  adsnote = {Provided by the SAO/NASA Astrophysics Data System}
}



@article{Roweis1997,
  title={EM Algorithms for PCA and SPCA},
  author={{Roweis}, S.},
  year={1997},
  number = {CNS-TR-97-02},
  institution={Computation \& Neural Systems, California Institute of Technology},
  url = {http://cs.nyu.edu/\~roweis/papers/empca.pdf},
  journal = {Neural Information Processing Systems 10 (NIPS'97)},
  pages = {626-632}
}

@BOOK{Ivezic2014,
   author = {{Ivezi{\'c}}, {\v Z}. and {Connelly}, A.~J. and {VanderPlas}, J.~T. and 
    {Gray}, A.},
    title = "{Statistics, Data Mining, and Machine Learningin Astronomy}",
booktitle = {Statistics, Data Mining, and Machine Learningin Astronomy, by Z.~Ivenci{\'c} et al.~Princeton, NJ: Princeton University Press, 2014},
     year = 2014,
     publisher="Princeton University Press",
     location="Princeton, NJ",
   adsurl = {http://adsabs.harvard.edu/abs/2014sdmm.book.....I},
  adsnote = {Provided by the SAO/NASA Astrophysics Data System}
}

@ARTICLE{Kollmeier2017,
       author = {{Kollmeier}, Juna A. and {Zasowski}, Gail and {Rix}, Hans-Walter and
        {Johns}, Matt and {Anderson}, Scott F. and {Drory}, Niv and
        {Johnson}, Jennifer A. and {Pogge}, Richard W. and {Bird},
        Jonathan C. and {Blanc}, Guillermo A. and {Brownstein}, Joel R.
        and {Crane}, Jeffrey D. and {De Lee}, Nathan M. and {Klaene},
        Mark A. and {Kreckel}, Kathryn and {MacDonald}, Nick and
        {Merloni}, Andrea and {Ness}, Melissa K. and {O'Brien}, Thomas
        and {Sanchez-Gallego}, Jose R. and {Sayres}, Conor C. and
        {Shen}, Yue and {Thakar}, Ani R. and {Tkachenko}, Andrew and
        {Aerts}, Conny and {Blanton}, Michael R. and {Eisenstein},
        Daniel J. and {Holtzman}, Jon A. and {Maoz}, Dan and {Nandra},
        Kirpal and {Rockosi}, Constance and {Weinberg}, David H. and
        {Bovy}, Jo and {Casey}, Andrew R. and {Chaname}, Julio and
        {Clerc}, Nicolas and {Conroy}, Charlie and {Eracleous}, Michael
        and {G{\"a}nsicke}, Boris T. and {Hekker}, Saskia and {Horne},
        Keith and {Kauffmann}, Jens and {McQuinn}, Kristen B.~W. and
        {Pellegrini}, Eric W. and {Schinnerer}, Eva and {Schlafly},
        Edward F. and {Schwope}, Axel D. and {Seibert}, Mark and
        {Teske}, Johanna K. and {van Saders}, Jennifer L.},
        title = "{SDSS-V: Pioneering Panoptic Spectroscopy}",
      journal = {arXiv e-prints},
     keywords = {Astrophysics - Astrophysics of Galaxies},
         year = 2017,
        month = Nov,
          eid = {arXiv:1711.03234},
        pages = {arXiv:1711.03234},
archivePrefix = {arXiv},
       eprint = {1711.03234},
 primaryClass = {astro-ph.GA},
       adsurl = {https://ui.adsabs.harvard.edu/\#abs/2017arXiv171103234K},
      adsnote = {Provided by the SAO/NASA Astrophysics Data System}
}



@BOOK{Okabe1992,
   author = {Okabe, A. and Boots, B. N. and Sugihara, K.},
    title = "Spatial tessellations: Concepts and applications of Voronoi diagrams",
booktitle = {Spatial tessellations: Concepts and applications of Voronoi diagrams},
     year = 1992,
     publisher="Wiley",
     location="Chinchester, England",
     
}


@ARTICLE{Smith2013,
   author = {{Smith}, V.~V. and {Cunha}, K. and {Shetrone}, M.~D. and {Meszaros}, S. and 
    {Allende Prieto}, C. and {Bizyaev}, D. and {Garc{\`i}a P{\`e}rez}, A. and 
    {Majewski}, S.~R. and {Schiavon}, R. and {Holtzman}, J. and 
    {Johnson}, J.~A.},
    title = "{Chemical Abundances in Field Red Giants from High-resolution H-band Spectra Using the APOGEE Spectral Linelist}",
  journal = {ApJ},
archivePrefix = "arXiv",
   eprint = {1212.4091},
 primaryClass = "astro-ph.SR",
 keywords = {stars: abundances, stars: late-type },
     year = 2013,
    month = mar,
   volume = 765,
      eid = {16},
    pages = {16},
      doi = {10.1088/0004-637X/765/1/16},
   adsurl = {http://adsabs.harvard.edu/abs/2013ApJ...765...16S},
  adsnote = {Provided by the SAO/NASA Astrophysics Data System}
}

@ARTICLE{Pinsonneault2014,
   author = {{Pinsonneault}, M.~H. and {Elsworth}, Y. and {Epstein}, C. and 
    {Hekker}, S. and {M{\'e}sz{\'a}ros}, S. and {Chaplin}, W.~J. and 
    {Johnson}, J.~A. and {Garc{\'{\i}}a}, R.~A. and {Holtzman}, J. and 
    {Mathur}, S. and {Garc{\'{\i}}a P{\'e}rez}, A. and {Silva Aguirre}, V. and 
    {Girardi}, L. and {Basu}, S. and {Shetrone}, M. and {Stello}, D. and 
    {Allende Prieto}, C. and {An}, D. and {Beck}, P. and {Beers}, T.~C. and 
    {Bizyaev}, D. and {Bloemen}, S. and {Bovy}, J. and {Cunha}, K. and 
    {De Ridder}, J. and {Frinchaboy}, P.~M. and {Garc{\'{\i}}a-Hern{\'a}ndez}, D.~A. and 
    {Gilliland}, R. and {Harding}, P. and {Hearty}, F.~R. and {Huber}, D. and 
    {Ivans}, I. and {Kallinger}, T. and {Majewski}, S.~R. and {Metcalfe}, T.~S. and 
    {Miglio}, A. and {Mosser}, B. and {Muna}, D. and {Nidever}, D.~L. and 
    {Schneider}, D.~P. and {Serenelli}, A. and {Smith}, V.~V. and 
    {Tayar}, J. and {Zamora}, O. and {Zasowski}, G.},
    title = "{The APOKASC Catalog: An Asteroseismic and Spectroscopic Joint Survey of Targets in the Kepler Fields}",
  journal = {ApJs},
archivePrefix = "arXiv",
   eprint = {1410.2503},
 primaryClass = "astro-ph.SR",
 keywords = {catalogs, stars: abundances, stars: fundamental parameters, stars: oscillations: including pulsations, surveys},
     year = 2014,
    month = dec,
   volume = 215,
      eid = {19},
    pages = {19},
      doi = {10.1088/0067-0049/215/2/19},
   adsurl = {http://adsabs.harvard.edu/abs/2014ApJS..215...19P},
  adsnote = {Provided by the SAO/NASA Astrophysics Data System}
}


@ARTICLE{Zamora2015,
   author = {{Zamora}, O. and {Garc{\'{\i}}a-Hern{\'a}ndez}, D.~A. and {Allende Prieto}, C. and 
    {Carrera}, R. and {Koesterke}, L. and {Edvardsson}, B. and {Castelli}, F. and 
    {Plez}, B. and {Bizyaev}, D. and {Cunha}, K. and {Garc{\'{\i}}a P{\'e}rez}, A.~E. and 
    {Gustafsson}, B. and {Holtzman}, J.~A. and {Lawler}, J.~E. and 
    {Majewski}, S.~R. and {Manchado}, A. and {M{\'e}sz{\'a}ros}, S. and 
    {Shane}, N. and {Shetrone}, M. and {Smith}, V.~V. and {Zasowski}, G.
    },
    title = "{New H-band Stellar Spectral Libraries for the SDSS-III/APOGEE Survey}",
  journal = {AJ},
archivePrefix = "arXiv",
   eprint = {1502.05237},
 primaryClass = "astro-ph.SR",
 keywords = {astrochemistry, radiative transfer, stars: atmospheres},
     year = 2015,
    month = jun,
   volume = 149,
      eid = {181},
    pages = {181},
      doi = {10.1088/0004-6256/149/6/181},
   adsurl = {http://adsabs.harvard.edu/abs/2015AJ....149..181Z},
  adsnote = {Provided by the SAO/NASA Astrophysics Data System}
}

@ARTICLE{Gunn2006,
   author = {{Gunn}, J.~E. and {Siegmund}, W.~A. and {Mannery}, E.~J. and 
    {Owen}, R.~E. and {Hull}, C.~L. and {Leger}, R.~F. and {Carey}, L.~N. and 
    {Knapp}, G.~R. and {York}, D.~G. and {Boroski}, W.~N. and {Kent}, S.~M. and 
    {Lupton}, R.~H. and {Rockosi}, C.~M. and {Evans}, M.~L. and 
    {Waddell}, P. and {Anderson}, J.~E. and {Annis}, J. and {Barentine}, J.~C. and 
    {Bartoszek}, L.~M. and {Bastian}, S. and {Bracker}, S.~B. and 
    {Brewington}, H.~J. and {Briegel}, C.~I. and {Brinkmann}, J. and 
    {Brown}, Y.~J. and {Carr}, M.~A. and {Czarapata}, P.~C. and 
    {Drennan}, C.~C. and {Dombeck}, T. and {Federwitz}, G.~R. and 
    {Gillespie}, B.~A. and {Gonzales}, C. and {Hansen}, S.~U. and 
    {Harvanek}, M. and {Hayes}, J. and {Jordan}, W. and {Kinney}, E. and 
    {Klaene}, M. and {Kleinman}, S.~J. and {Kron}, R.~G. and {Kresinski}, J. and 
    {Lee}, G. and {Limmongkol}, S. and {Lindenmeyer}, C.~W. and 
    {Long}, D.~C. and {Loomis}, C.~L. and {McGehee}, P.~M. and {Mantsch}, P.~M. and 
    {Neilsen}, Jr., E.~H. and {Neswold}, R.~M. and {Newman}, P.~R. and 
    {Nitta}, A. and {Peoples}, Jr., J. and {Pier}, J.~R. and {Prieto}, P.~S. and 
    {Prosapio}, A. and {Rivetta}, C. and {Schneider}, D.~P. and 
    {Snedden}, S. and {Wang}, S.-i.},
    title = "{The 2.5 m Telescope of the Sloan Digital Sky Survey}",
  journal = {AJ},
   eprint = {astro-ph/0602326},
 keywords = {Surveys, Telescopes},
     year = 2006,
    month = apr,
   volume = 131,
    pages = {2332-2359},
      doi = {10.1086/500975},
   adsurl = {http://adsabs.harvard.edu/abs/2006AJ....131.2332G},
  adsnote = {Provided by the SAO/NASA Astrophysics Data System}
}

@ARTICLE{Nidever2015,
   author = {{Nidever}, D.~L. and {Holtzman}, J.~A. and {Allende Prieto}, C. and 
    {Beland}, S. and {Bender}, C. and {Bizyaev}, D. and {Burton}, A. and 
    {Desphande}, R. and {Fleming}, S.~W. and {Garc{\'{\i}}a P{\'e}rez}, A.~E. and 
    {Hearty}, F.~R. and {Majewski}, S.~R. and {M{\'e}sz{\'a}ros}, S. and 
    {Muna}, D. and {Nguyen}, D. and {Schiavon}, R.~P. and {Shetrone}, M. and 
    {Skrutskie}, M.~F. and {Sobeck}, J.~S. and {Wilson}, J.~C.},
    title = "{The Data Reduction Pipeline for the Apache Point Observatory Galactic Evolution Experiment}",
  journal = {AJ},
archivePrefix = "arXiv",
   eprint = {1501.03742},
 primaryClass = "astro-ph.IM",
 keywords = {galaxies: abundances, galaxies: halos, galaxies: kinematics and dynamics, Local Group, methods: data analysis, techniques: image processing},
     year = 2015,
    month = dec,
   volume = 150,
      eid = {173},
    pages = {173},
      doi = {10.1088/0004-6256/150/6/173},
   adsurl = {http://adsabs.harvard.edu/abs/2015AJ....150..173N},
  adsnote = {Provided by the SAO/NASA Astrophysics Data System}
}

@article{Shlens2005,
  author    = {Jonathon Shlens},
  title     = {A Tutorial on Principal Component Analysis},
  journal   = {CoRR},
  volume    = {abs/1404.1100},
  year      = {2014},
  archivePrefix = "arXiv",
     eprint = {1404.1100},
}

@ARTICLE{Meszaros2013,
   author = {{M{\'e}sz{\'a}ros}, S. and {Holtzman}, J. and {Garc{\'{\i}}a P{\'e}rez}, A.~E. and 
    {Allende Prieto}, C. and {Schiavon}, R.~P. and {Basu}, S. and 
    {Bizyaev}, D. and {Chaplin}, W.~J. and {Chojnowski}, S.~D. and 
    {Cunha}, K. and {Elsworth}, Y. and {Epstein}, C. and {Frinchaboy}, P.~M. and 
    {Garc{\'{\i}}a}, R.~A. and {Hearty}, F.~R. and {Hekker}, S. and 
    {Johnson}, J.~A. and {Kallinger}, T. and {Koesterke}, L. and 
    {Majewski}, S.~R. and {Martell}, S.~L. and {Nidever}, D. and 
    {Pinsonneault}, M.~H. and {O'Connell}, J. and {Shetrone}, M. and 
    {Smith}, V.~V. and {Wilson}, J.~C. and {Zasowski}, G.},
    title = "{Calibrations of Atmospheric Parameters Obtained from the First Year of SDSS-III APOGEE Observations}",
  journal = {AJ},
archivePrefix = "arXiv",
   eprint = {1308.6617},
 primaryClass = "astro-ph.SR",
 keywords = {stars: abundances, stars: fundamental parameters, surveys },
     year = 2013,
    month = nov,
   volume = 146,
      eid = {133},
    pages = {133},
      doi = {10.1088/0004-6256/146/5/133},
   adsurl = {http://adsabs.harvard.edu/abs/2013AJ....146..133M},
  adsnote = {Provided by the SAO/NASA Astrophysics Data System}
}

@article{Smiljanic2014,
author = {{Smiljanic}, R. and {Korn}, A.~J. and {Bergemann}, M. and {Frasca}, A. and 
    {Magrini}, L. and {Masseron}, T. and {Pancino}, E. and {Ruchti}, G. and 
    {San Roman}, I. and {Sbordone}, L. and {Sousa}, S.~G. and {Tabernero}, H. and 
    {Tautvai{\v s}ien{\.e}}, G. and {Valentini}, M. and {Weber}, M. and 
    {Worley}, C.~C. and {Adibekyan}, V.~Z. and {Allende Prieto}, C. and 
    {Barisevi{\v c}ius}, G. and {Biazzo}, K. and {Blanco-Cuaresma}, S. and 
    {Bonifacio}, P. and {Bragaglia}, A. and {Caffau}, E. and {Cantat-Gaudin}, T. and 
    {Chorniy}, Y. and {de Laverny}, P. and {Delgado-Mena}, E. and 
    {Donati}, P. and {Duffau}, S. and {Franciosini}, E. and {Friel}, E. and 
    {Geisler}, D. and {Gonz{\'a}lez Hern{\'a}ndez}, J.~I. and {Gruyters}, P. and 
    {Guiglion}, G. and {Hansen}, C.~J. and {Heiter}, U. and {Hill}, V. and 
    {Jacobson}, H.~R. and {Jofre}, P. and {J{\"o}nsson}, H. and 
    {Lanzafame}, A.~C. and {Lardo}, C. and {Ludwig}, H.-G. and {Maiorca}, E. and 
    {Mikolaitis}, {\v S}. and {Montes}, D. and {Morel}, T. and {Mucciarelli}, A. and 
    {Mu{\~n}oz}, C. and {Nordlander}, T. and {Pasquini}, L. and 
    {Puzeras}, E. and {Recio-Blanco}, A. and {Ryde}, N. and {Sacco}, G. and 
    {Santos}, N.~C. and {Serenelli}, A.~M. and {Sordo}, R. and {Soubiran}, C. and 
    {Spina}, L. and {Steffen}, M. and {Vallenari}, A. and {Van Eck}, S. and 
    {Villanova}, S. and {Gilmore}, G. and {Randich}, S. and {Asplund}, M. and 
    {Binney}, J. and {Drew}, J. and {Feltzing}, S. and {Ferguson}, A. and 
    {Jeffries}, R. and {Micela}, G. and {Negueruela}, I. and {Prusti}, T. and 
    {Rix}, H.-W. and {Alfaro}, E. and {Babusiaux}, C. and {Bensby}, T. and 
    {Blomme}, R. and {Flaccomio}, E. and {Fran{\c c}ois}, P. and 
    {Irwin}, M. and {Koposov}, S. and {Walton}, N. and {Bayo}, A. and 
    {Carraro}, G. and {Costado}, M.~T. and {Damiani}, F. and {Edvardsson}, B. and 
    {Hourihane}, A. and {Jackson}, R. and {Lewis}, J. and {Lind}, K. and 
    {Marconi}, G. and {Martayan}, C. and {Monaco}, L. and {Morbidelli}, L. and 
    {Prisinzano}, L. and {Zaggia}, S.},
    title = "{The Gaia-ESO Survey: The analysis of high-resolution UVES spectra of FGK-type stars}",
  journal = {A\&A},
archivePrefix = "arXiv",
   eprint = {1409.0568},
 primaryClass = "astro-ph.SR",
 keywords = {methods: data analysis, surveys, stars: abundances, stars: fundamental parameters, stars: late-type},
     year = 2014,
    month = oct,
   volume = 570,
      eid = {A122},
    pages = {A122},
      doi = {10.1051/0004-6361/201423937},
   adsurl = {http://adsabs.harvard.edu/abs/2014A%26A...570A.122S},
  adsnote = {Provided by the SAO/NASA Astrophysics Data System}
}

@article{Dotter2017,
   author = {{Dotter}, A. and {Conroy}, C. and {Cargile}, P. and {Asplund}, M.},
    title = "{The influence of atomic diffusion on stellar ages and chemical tagging}",
  journal = {ArXiv e-prints},
archivePrefix = "arXiv",
   eprint = {1704.03465},
 primaryClass = "astro-ph.SR",
 keywords = {Astrophysics - Solar and Stellar Astrophysics, Astrophysics - Astrophysics of Galaxies},
     year = 2017,
    month = apr,
   adsurl = {http://adsabs.harvard.edu/abs/2017arXiv170403465D},
  adsnote = {Provided by the SAO/NASA Astrophysics Data System}
}

@article{DeSilva2007,
   author = {{De Silva}, G.~M. and {Freeman}, K.~C. and {Asplund}, M. and 
    {Bland-Hawthorn}, J. and {Bessell}, M.~S. and {Collet}, R.},
    title = "{Chemical Homogeneity in Collinder 261 and Implications for Chemical Tagging}",
  journal = {AJ},
   eprint = {astro-ph/0611832},
 keywords = {Galaxy: evolution, open clusters and associations: individual: Collinder 261, stars: abundances},
     year = 2007,
    month = mar,
   volume = 133,
    pages = {1161-1175},
      doi = {10.1086/511182},
   adsurl = {http://adsabs.harvard.edu/abs/2007AJ....133.1161D},
  adsnote = {Provided by the SAO/NASA Astrophysics Data System}
}


@article{Quillen2015,
   author = {{Quillen}, A.~C. and {Anguiano}, B. and {De Silva}, G. and {Freeman}, K. and 
    {Zucker}, D.~B. and {Minchev}, I. and {Bland-Hawthorn}, J.},
    title = "{The parent populations of six groups identified from chemical tagging in the solar neighbourhood}",
  journal = {MNRAS},
archivePrefix = "arXiv",
   eprint = {1503.02887},
 keywords = {Galaxy: abundances, Galaxy: evolution, Galaxy: kinematics and dynamics, open clusters and associations: general},
     year = 2015,
    month = jul,
   volume = 450,
    pages = {2354-2366},
      doi = {10.1093/mnras/stv806},
   adsurl = {http://adsabs.harvard.edu/abs/2015MNRAS.450.2354Q},
  adsnote = {Provided by the SAO/NASA Astrophysics Data System}
}

@article{Weiss2000,
   author = {{Weiss}, A. and {Denissenkov}, P.~A. and {Charbonnel}, C.},
    title = "{Evolution and surface abundances of red giants experiencing deep mixing}",
  journal = {A\&A},
   eprint = {astro-ph/0002290},
 keywords = {STARS: ABUNDANCES, STARS: EVOLUTION, STARS: INTERIORS, GALAXY: GLOBULAR CLUSTERS: GENERAL},
     year = 2000,
    month = apr,
   volume = 356,
    pages = {181-190},
   adsurl = {http://adsabs.harvard.edu/abs/2000A%26A...356..181W},
  adsnote = {Provided by the SAO/NASA Astrophysics Data System}
}

@article{Katz2009,
   author = {{Katz}, D.},
    title = "{Gaia spectroscopy: overview and synergies with ground-based surveys}",
booktitle = {SF2A-2009: Proceedings of the Annual meeting of the French Society of Astronomy and Astrophysics},
     year = 2009,
   editor = {{Heydari-Malayeri}, M. and {Reyl'E}, C. and {Samadi}, R.},
    month = nov,
    pages = {57},
   adsurl = {http://adsabs.harvard.edu/abs/2009sf2a.conf...57K},
  adsnote = {Provided by the SAO/NASA Astrophysics Data System}
}

@article{Blanco-Cuaresma2016a,
   author = {{Blanco-Cuaresma}, S. and {Nordlander}, T. and {Heiter}, U. and 
    {Jofr{\'e}}, P. and {Masseron}, T. and {Casamiquela}, L. and 
    {Tabernero}, H.~M. and {Bhat}, S.~S. and {Casey}, A.~R. and 
    {Mel{\'e}ndez}, J. and {Ram{\'{\i}}rez}, I.},
    title = "{How Much Can We Trust High-Resolution Spectroscopic Stellar Atmospheric Parameters?}",
 keywords = {spectroscopy, stars, radiative codes},
booktitle = {19th Cambridge Workshop on Cool Stars, Stellar Systems, and the Sun (CS19)},
     year = 2016,
archivePrefix = "arXiv",
   eprint = {1609.08092},
 primaryClass = "astro-ph.SR",
    month = sep,
      eid = {22},
    pages = {22},
      doi = {10.5281/zenodo.155115},
   adsurl = {http://adsabs.harvard.edu/abs/2016csss.confE..22B},
  adsnote = {Provided by the SAO/NASA Astrophysics Data System}
}

@article{Feng2014,
   author = {{Feng}, Y. and {Krumholz}, M.~R.},
    title = "{Early turbulent mixing as the origin of chemical homogeneity in open star clusters}",
  journal = {\nat},
archivePrefix = "arXiv",
   eprint = {1408.6543},
     year = 2014,
    month = sep,
   volume = 513,
    pages = {523-525},
      doi = {10.1038/nature13662},
   adsurl = {http://adsabs.harvard.edu/abs/2014Natur.513..523F},
  adsnote = {Provided by the SAO/NASA Astrophysics Data System}
}

@article{Ting2015a,
   author = {{Ting}, Y.-S. and {Conroy}, C. and {Goodman}, A.},
    title = "{Prospects for Chemically Tagging Stars in the Galaxy}",
  journal = {ApJ},
archivePrefix = "arXiv",
   eprint = {1504.03327},
 keywords = {Galaxy: abundances, Galaxy: disk, Galaxy: evolution, Galaxy: formation, ISM: abundances, stars: abundances},
     year = 2015,
    month = jul,
   volume = 807,
      eid = {104},
    pages = {104},
      doi = {10.1088/0004-637X/807/1/104},
   adsurl = {http://adsabs.harvard.edu/abs/2015ApJ...807..104T},
  adsnote = {Provided by the SAO/NASA Astrophysics Data System}
}

@article{Liu2016,
   author = {{Liu}, F. and {Asplund}, M. and {Yong}, D. and {Mel{\'e}ndez}, J. and 
    {Ram{\'{\i}}rez}, I. and {Karakas}, A.~I. and {Carlos}, M. and 
    {Marino}, A.~F.},
    title = "{The chemical compositions of solar twins in the open cluster M67}",
  journal = {MNRAS},
archivePrefix = "arXiv",
   eprint = {1608.03788},
 primaryClass = "astro-ph.SR",
 keywords = {stars: abundances, stars: atmospheres, open clusters and associations: individual: NGC 2682 (M67)},
     year = 2016,
    month = nov,
   volume = 463,
    pages = {696-704},
      doi = {10.1093/mnras/stw2045},
   adsurl = {http://adsabs.harvard.edu/abs/2016MNRAS.463..696L},
  adsnote = {Provided by the SAO/NASA Astrophysics Data System}
}

@article{Casey2016,
   author = {{Casey}, C.~M.},
    title = "{The Ubiquity of Coeval Starbursts in Massive Galaxy Cluster Progenitors}",
  journal = {ApJ},
archivePrefix = "arXiv",
   eprint = {1603.04437},
 keywords = {galaxies: clusters: general, galaxies: star formation, large-scale structure of universe, submillimeter: galaxies},
     year = 2016,
    month = jun,
   volume = 824,
      eid = {36},
    pages = {36},
      doi = {10.3847/0004-637X/824/1/36},
   adsurl = {http://adsabs.harvard.edu/abs/2016ApJ...824...36C},
  adsnote = {Provided by the SAO/NASA Astrophysics Data System}
}

@article{Meszaros2015,
   author = {{M{\'e}sz{\'a}ros}, S. and {Martell}, S.~L. and {Shetrone}, M. and 
    {Lucatello}, S. and {Troup}, N.~W. and {Bovy}, J. and {Cunha}, K. and 
    {Garc{\'{\i}}a-Hern{\'a}ndez}, D.~A. and {Overbeek}, J.~C. and 
    {Allende Prieto}, C. and {Beers}, T.~C. and {Frinchaboy}, P.~M. and 
    {Garc{\'{\i}}a P{\'e}rez}, A.~E. and {Hearty}, F.~R. and {Holtzman}, J. and 
    {Majewski}, S.~R. and {Nidever}, D.~L. and {Schiavon}, R.~P. and 
    {Schneider}, D.~P. and {Sobeck}, J.~S. and {Smith}, V.~V. and 
    {Zamora}, O. and {Zasowski}, G.},
    title = "{Exploring Anticorrelations and Light Element Variations in Northern Globular Clusters Observed by the APOGEE Survey}",
  journal = {AJ},
archivePrefix = "arXiv",
   eprint = {1501.05127},
 primaryClass = "astro-ph.SR",
 keywords = {stars: abundances, stars: AGB and post-AGB, stars: chemically peculiar, stars: evolution},
     year = 2015,
    month = may,
   volume = 149,
      eid = {153},
    pages = {153},
      doi = {10.1088/0004-6256/149/5/153},
   adsurl = {http://adsabs.harvard.edu/abs/2015AJ....149..153M},
  adsnote = {Provided by the SAO/NASA Astrophysics Data System}
}

@article{Jofre2016,
   author = {{Jofr{\'e}}, P. and {Das}, P. and {Bertranpetit}, J. and {Foley}, R.
    },
    title = "{Cosmic phylogeny: reconstructing the chemical history of the solar neighbourhood with an evolutionary tree}",
  journal = {MNRAS},
archivePrefix = "arXiv",
   eprint = {1611.02575},
 keywords = {methods: data analysis, methods: statistical, stars: solar-type, Galaxy: evolution, solar neighbourhood},
     year = 2017,
    month = may,
   volume = 467,
    pages = {1140-1153},
      doi = {10.1093/mnras/stx075},
   adsurl = {http://adsabs.harvard.edu/abs/2017MNRAS.467.1140J},
  adsnote = {Provided by the SAO/NASA Astrophysics Data System}
}

@article{Masseron2015,
   author = {{Masseron}, T. and {Gilmore}, G.},
    title = "{Carbon, nitrogen and {$\alpha$}-element abundances determine the formation sequence of the Galactic thick and thin discs}",
  journal = {MNRAS},
archivePrefix = "arXiv",
   eprint = {1503.00537},
 primaryClass = "astro-ph.SR",
 keywords = {stars: abundances, stars: evolution, Galaxy: abundances, Galaxy: disc, Galaxy: evolution},
     year = 2015,
    month = oct,
   volume = 453,
    pages = {1855-1866},
      doi = {10.1093/mnras/stv1731},
   adsurl = {http://adsabs.harvard.edu/abs/2015MNRAS.453.1855M},
  adsnote = {Provided by the SAO/NASA Astrophysics Data System}
}

@article{Skrutskie2006,
   author = {{Skrutskie}, M.~F. and {Cutri}, R.~M. and {Stiening}, R. and 
    {Weinberg}, M.~D. and {Schneider}, S. and {Carpenter}, J.~M. and 
    {Beichman}, C. and {Capps}, R. and {Chester}, T. and {Elias}, J. and 
    {Huchra}, J. and {Liebert}, J. and {Lonsdale}, C. and {Monet}, D.~G. and 
    {Price}, S. and {Seitzer}, P. and {Jarrett}, T. and {Kirkpatrick}, J.~D. and 
    {Gizis}, J.~E. and {Howard}, E. and {Evans}, T. and {Fowler}, J. and 
    {Fullmer}, L. and {Hurt}, R. and {Light}, R. and {Kopan}, E.~L. and 
    {Marsh}, K.~A. and {McCallon}, H.~L. and {Tam}, R. and {Van Dyk}, S. and 
    {Wheelock}, S.},
    title = "{The Two Micron All Sky Survey (2MASS)}",
  journal = {AJ},
 keywords = {Catalogs, Infrared: General, Surveys},
     year = 2006,
    month = feb,
   volume = 131,
    pages = {1163-1183},
      doi = {10.1086/498708},
   adsurl = {http://adsabs.harvard.edu/abs/2006AJ....131.1163S},
  adsnote = {Provided by the SAO/NASA Astrophysics Data System}
}

@article{Hawkins2015,
   author = {{Hawkins}, K. and {Jofr{\'e}}, P. and {Masseron}, T. and {Gilmore}, G.
    },
    title = "{Using chemical tagging to redefine the interface of the Galactic disc and halo}",
  journal = {MNRAS},
archivePrefix = "arXiv",
   eprint = {1507.03604},
 keywords = {Galaxy: abundances, Galaxy: halo, Galaxy: structure},
     year = 2015,
    month = oct,
   volume = 453,
    pages = {758-774},
      doi = {10.1093/mnras/stv1586},
   adsurl = {http://adsabs.harvard.edu/abs/2015MNRAS.453..758H},
  adsnote = {Provided by the SAO/NASA Astrophysics Data System}
}

@article{Ness2015,
   author = {{Ness}, M. and {Hogg}, D.~W. and {Rix}, H.-W. and {Ho}, A.~Y.~Q. and 
    {Zasowski}, G.},
    title = "{The Cannon: A data-driven approach to Stellar Label Determination}",
  journal = {ApJ},
archivePrefix = "arXiv",
   eprint = {1501.07604},
 primaryClass = "astro-ph.SR",
 keywords = {methods: data analysis, methods: statistical, stars: abundances, stars: fundamental parameters, surveys, techniques: spectroscopic},
     year = 2015,
    month = jul,
   volume = 808,
      eid = {16},
    pages = {16},
      doi = {10.1088/0004-637X/808/1/16},
   adsurl = {http://adsabs.harvard.edu/abs/2015ApJ...808...16N},
  adsnote = {Provided by the SAO/NASA Astrophysics Data System}
}

@article{Ting2015,
   author = {{Ting}, Y.-S. and {Conroy}, C. and {Goodman}, A.},
    title = "{Prospects for Chemically Tagging Stars in the Galaxy}",
  journal = {ApJ},
archivePrefix = "arXiv",
   eprint = {1504.03327},
 keywords = {Galaxy: abundances, Galaxy: disk, Galaxy: evolution, Galaxy: formation, ISM: abundances, stars: abundances},
     year = 2015,
    month = jul,
   volume = 807,
      eid = {104},
    pages = {104},
      doi = {10.1088/0004-637X/807/1/104},
   adsurl = {http://adsabs.harvard.edu/abs/2015ApJ...807..104T},
  adsnote = {Provided by the SAO/NASA Astrophysics Data System}
}

@article{Fontanot2016,
   author = {{Fontanot}, F. and {De Lucia}, G. and {Hirschmann}, M. and {Bruzual}, G. and 
    {Charlot}, S. and {Zibetti}, S.},
    title = "{Variations of the stellar initial mass function in semi-analytical models: implications for the mass assembly and the chemical enrichment of galaxies in the GAEA model}",
  journal = {MNRAS},
archivePrefix = "arXiv",
   eprint = {1606.01908},
 keywords = {galaxies: abundances, galaxies: evolution, galaxies: formation, galaxies: fundamental parameters, galaxies: stellar content},
     year = 2017,
    month = feb,
   volume = 464,
    pages = {3812-3824},
      doi = {10.1093/mnras/stw2612},
   adsurl = {http://adsabs.harvard.edu/abs/2017MNRAS.464.3812F},
  adsnote = {Provided by the SAO/NASA Astrophysics Data System}
}

@article{Grand2016,
   author = {{Grand}, R.~J.~J. and {Springel}, V. and {Kawata}, D. and {Minchev}, I. and 
    {S{\'a}nchez-Bl{\'a}zquez}, P. and {G{\'o}mez}, F.~A. and {Marinacci}, F. and 
    {Pakmor}, R. and {Campbell}, D.~J.~R.},
    title = "{Spiral-induced velocity and metallicity patterns in a cosmological zoom simulation of a Milky Way-sized galaxy}",
  journal = {MNRAS},
archivePrefix = "arXiv",
   eprint = {1604.01027},
 keywords = {galaxies: evolution, galaxies: kinematics and dynamics, galaxies: spiral, galaxies: structure},
     year = 2016,
    month = jul,
   volume = 460,
    pages = {L94-L98},
      doi = {10.1093/mnrasl/slw086},
   adsurl = {http://adsabs.harvard.edu/abs/2016MNRAS.460L..94G},
  adsnote = {Provided by the SAO/NASA Astrophysics Data System}
}

@article{Schiavon2015,
   author = {{Schiavon}, R.~P. and {Zamora}, O. and {Carrera}, R. and {Lucatello}, S. and 
    {Robin}, A.~C. and {Ness}, M. and {Martell}, S.~L. and {Smith}, V.~V. and 
    {Garc{\'{\i}}a-Hern{\'a}ndez}, D.~A. and {Manchado}, A. and 
    {Sch{\"o}nrich}, R. and {Bastian}, N. and {Chiappini}, C. and 
    {Shetrone}, M. and {Mackereth}, J.~T. and {Williams}, R.~A. and 
    {M{\'e}sz{\'a}ros}, S. and {Allende Prieto}, C. and {Anders}, F. and 
    {Bizyaev}, D. and {Beers}, T.~C. and {Chojnowski}, S.~D. and 
    {Cunha}, K. and {Epstein}, C. and {Frinchaboy}, P.~M. and {Garc{\'{\i}}a P{\'e}rez}, A.~E. and 
    {Hearty}, F.~R. and {Holtzman}, J.~A. and {Johnson}, J.~A. and 
    {Kinemuchi}, K. and {Majewski}, S.~R. and {Muna}, D. and {Nidever}, D.~L. and 
    {Nguyen}, D.~C. and {O'Connell}, R.~W. and {Oravetz}, D. and 
    {Pan}, K. and {Pinsonneault}, M. and {Schneider}, D.~P. and 
    {Schultheis}, M. and {Simmons}, A. and {Skrutskie}, M.~F. and 
    {Sobeck}, J. and {Wilson}, J.~C. and {Zasowski}, G.},
    title = "{Chemical tagging with APOGEE: discovery of a large population of N-rich stars in the inner Galaxy}",
  journal = {MNRAS},
archivePrefix = "arXiv",
   eprint = {1606.05651},
 keywords = {stars: abundances, stars: chemically peculiar, Galaxy: abundances, Galaxy: bulge, globular clusters: general, Galaxy: halo},
     year = 2017,
    month = feb,
   volume = 465,
    pages = {501-524},
      doi = {10.1093/mnras/stw2162},
   adsurl = {http://adsabs.harvard.edu/abs/2017MNRAS.465..501S},
  adsnote = {Provided by the SAO/NASA Astrophysics Data System}
}

@article{Bovy2013,
   author = {{Bovy}, J. and {Rix}, H.-W.},
    title = "{A Direct Dynamical Measurement of the Milky Way's Disk Surface Density Profile, Disk Scale Length, and Dark Matter Profile at 4 kpc $\lt$\~{} R $\lt$\~{} 9 kpc}",
  journal = {ApJ},
archivePrefix = "arXiv",
   eprint = {1309.0809},
 primaryClass = "astro-ph.GA",
 keywords = {Galaxy: abundances, Galaxy: disk, Galaxy: fundamental parameters, Galaxy: kinematics and dynamics, Galaxy: structure, solar neighborhood},
     year = 2013,
    month = dec,
   volume = 779,
      eid = {115},
    pages = {115},
      doi = {10.1088/0004-637X/779/2/115},
   adsurl = {http://adsabs.harvard.edu/abs/2013ApJ...779..115B},
  adsnote = {Provided by the SAO/NASA Astrophysics Data System}
}

@article{Williams2016,
   author = {{Williams}, A.~A. and {Evans}, N.~W. and {Molloy}, M. and {Kordopatis}, G. and 
    {Smith}, M.~C. and {Shen}, J. and {Gilmore}, G. and {Randich}, S. and 
    {Bensby}, T. and {Francois}, P. and {Koposov}, S.~E. and {Recio-Blanco}, A. and 
    {Bayo}, A. and {Carraro}, G. and {Casey}, A. and {Costado}, T. and 
    {Franciosini}, E. and {Hourihane}, A. and {de Laverny}, P. and 
    {Lewis}, J. and {Lind}, K. and {Magrini}, L. and {Monaco}, L. and 
    {Morbidelli}, L. and {Sacco}, G.~G. and {Worley}, C. and {Zaggia}, S. and 
    {Mikolaitis}, {\v S}.},
    title = "{The Gaia-ESO Survey: Metal-rich Bananas in the Bulge}",
  journal = {ApJl},
archivePrefix = "arXiv",
   eprint = {1605.09684},
 keywords = {galaxies: general, galaxies: kinematics and dynamics, Galaxy: bulge},
     year = 2016,
    month = jun,
   volume = 824,
      eid = {L29},
    pages = {L29},
      doi = {10.3847/2041-8205/824/2/L29},
   adsurl = {http://adsabs.harvard.edu/abs/2016ApJ...824L..29W},
  adsnote = {Provided by the SAO/NASA Astrophysics Data System}
}

@article{Somerville2014,
   author = {{Somerville}, R.~S. and {Dav{\'e}}, R.},
    title = "{Physical Models of Galaxy Formation in a Cosmological Framework}",
  journal = {\araa},
archivePrefix = "arXiv",
   eprint = {1412.2712},
     year = 2015,
    month = aug,
   volume = 53,
    pages = {51-113},
      doi = {10.1146/annurev-astro-082812-140951},
   adsurl = {http://adsabs.harvard.edu/abs/2015ARA%26A..53...51S},
  adsnote = {Provided by the SAO/NASA Astrophysics Data System}
}

@article{DeSilva2015,
   author = {{De Silva}, G.~M. and {Freeman}, K.~C. and {Bland-Hawthorn}, J. and 
    {Martell}, S. and {de Boer}, E.~W. and {Asplund}, M. and {Keller}, S. and 
    {Sharma}, S. and {Zucker}, D.~B. and {Zwitter}, T. and {Anguiano}, B. and 
    {Bacigalupo}, C. and {Bayliss}, D. and {Beavis}, M.~A. and {Bergemann}, M. and 
    {Campbell}, S. and {Cannon}, R. and {Carollo}, D. and {Casagrande}, L. and 
    {Casey}, A.~R. and {Da Costa}, G. and {D'Orazi}, V. and {Dotter}, A. and 
    {Duong}, L. and {Heger}, A. and {Ireland}, M.~J. and {Kafle}, P.~R. and 
    {Kos}, J. and {Lattanzio}, J. and {Lewis}, G.~F. and {Lin}, J. and 
    {Lind}, K. and {Munari}, U. and {Nataf}, D.~M. and {O'Toole}, S. and 
    {Parker}, Q. and {Reid}, W. and {Schlesinger}, K.~J. and {Sheinis}, A. and 
    {Simpson}, J.~D. and {Stello}, D. and {Ting}, Y.-S. and {Traven}, G. and 
    {Watson}, F. and {Wittenmyer}, R. and {Yong}, D. and {{\v Z}erjal}, M.
    },
    title = "{The GALAH survey: scientific motivation}",
  journal = {MNRAS},
archivePrefix = "arXiv",
   eprint = {1502.04767},
 keywords = {Galaxy: stellar content},
     year = 2015,
    month = may,
   volume = 449,
    pages = {2604-2617},
      doi = {10.1093/mnras/stv327},
   adsurl = {http://adsabs.harvard.edu/abs/2015MNRAS.449.2604D},
  adsnote = {Provided by the SAO/NASA Astrophysics Data System}
}

@article{Dempster1977,
    author = {A. P. Dempster and N. M. Laird and D. B. Rubin},
    title = {Maximum likelihood from incomplete data via the EM algorithm},
    journal = {J. R. Stat. Soc.},
    year = {1977},
    volume = {39},
    number = {1},
    pages = {1--38}
}

@article{Quillen2002,
   author = {{Quillen}, A.~C.},
    title = "{Using a Hipparcos-derived Hertzsprung-Russell Diagram to Limit the Metallicity Scatter of Stars in the Hyades: Are Stars Polluted?}",
  journal = {AJ},
   eprint = {astro-ph/0202253},
 keywords = {Galaxy: Open Clusters and Associations: Individual: Name: Hyades, Stars: Abundances, Stars: Distances},
     year = 2002,
    month = jul,
   volume = 124,
    pages = {400-403},
      doi = {10.1086/340809},
   adsurl = {http://adsabs.harvard.edu/abs/2002AJ....124..400Q},
  adsnote = {Provided by the SAO/NASA Astrophysics Data System}
}

@article{Tomozeiu2016,
   author = {{Tomozeiu}, M. and {Mayer}, L. and {Quinn}, T.},
    title = "{Tidal Stirring of Satellites with Shallow Density Profiles Prevents Them from Being Too Big to Fail}",
  journal = {ApJl},
archivePrefix = "arXiv",
   eprint = {1605.00004},
 keywords = {galaxies: dwarf, galaxies: evolution, Galaxy: general, methods: numerical},
     year = 2016,
    month = aug,
   volume = 827,
      eid = {L15},
    pages = {L15},
      doi = {10.3847/2041-8205/827/1/L15},
   adsurl = {http://adsabs.harvard.edu/abs/2016ApJ...827L..15T},
  adsnote = {Provided by the SAO/NASA Astrophysics Data System}
}

@article{Bovy2014,
   author = {{Bovy}, J. and {Nidever}, D.~L. and {Rix}, H.-W. and {Girardi}, L. and 
    {Zasowski}, G. and {Chojnowski}, S.~D. and {Holtzman}, J. and 
    {Epstein}, C. and {Frinchaboy}, P.~M. and {Hayden}, M.~R. and 
    {Rodrigues}, T.~S. and {Majewski}, S.~R. and {Johnson}, J.~A. and 
    {Pinsonneault}, M.~H. and {Stello}, D. and {Allende Prieto}, C. and 
    {Andrews}, B. and {Basu}, S. and {Beers}, T.~C. and {Bizyaev}, D. and 
    {Burton}, A. and {Chaplin}, W.~J. and {Cunha}, K. and {Elsworth}, Y. and 
    {Garc{\'{\i}}a}, R.~A. and {Garc{\'{\i}}a-Her{\'n}andez}, D.~A. and 
    {Garc{\'{\i}}a P{\'e}rez}, A.~E. and {Hearty}, F.~R. and {Hekker}, S. and 
    {Kallinger}, T. and {Kinemuchi}, K. and {Koesterke}, L. and 
    {M{\'e}sz{\'a}ros}, S. and {Mosser}, B. and {O'Connell}, R.~W. and 
    {Oravetz}, D. and {Pan}, K. and {Robin}, A.~C. and {Schiavon}, R.~P. and 
    {Schneider}, D.~P. and {Schultheis}, M. and {Serenelli}, A. and 
    {Shetrone}, M. and {Silva Aguirre}, V. and {Simmons}, A. and 
    {Skrutskie}, M. and {Smith}, V.~V. and {Stassun}, K. and {Weinberg}, D.~H. and 
    {Wilson}, J.~C. and {Zamora}, O.},
    title = "{The APOGEE Red-clump Catalog: Precise Distances, Velocities, and High-resolution Elemental Abundances over a Large Area of the Milky Way's Disk}",
  journal = {ApJ},
archivePrefix = "arXiv",
   eprint = {1405.1032},
 keywords = {Galaxy: abundances, Galaxy: disk, Galaxy: stellar content, Galaxy: structure, stars: distances, stars: general},
     year = 2014,
    month = aug,
   volume = 790,
      eid = {127},
    pages = {127},
      doi = {10.1088/0004-637X/790/2/127},
   adsurl = {http://adsabs.harvard.edu/abs/2014ApJ...790..127B},
  adsnote = {Provided by the SAO/NASA Astrophysics Data System}
}

@article{Bovy2015,
   author = {{Bovy}, J. and {Rix}, H.-W. and {Schlafly}, E.~F. and {Nidever}, D.~L. and 
    {Holtzman}, J.~A. and {Shetrone}, M. and {Beers}, T.~C.},
    title = "{The Stellar Population Structure of the Galactic Disk}",
  journal = {ApJ},
archivePrefix = "arXiv",
   eprint = {1509.05796},
 keywords = {Galaxy: abundances, Galaxy: disk, Galaxy: evolution, Galaxy: formation, Galaxy: fundamental parameters, Galaxy: structure},
     year = 2016,
    month = may,
   volume = 823,
      eid = {30},
    pages = {30},
      doi = {10.3847/0004-637X/823/1/30},
   adsurl = {http://adsabs.harvard.edu/abs/2016ApJ...823...30B},
  adsnote = {Provided by the SAO/NASA Astrophysics Data System}
}

@article{Simpson2016,
   author = {{Simpson}, J.~D. and {De Silva}, G.~M. and {Bland-Hawthorn}, J. and 
    {Freeman}, K.~C. and {Martell}, S.~L. and {Schlesinger}, K.~J. and 
    {Sharma}, S. and {Zucker}, D.~B. and {Zwitter}, T. and {Kos}, J. and 
    {Anguiano}, B. and {Nataf}, D.~M. and {Reid}, W. and {Wittenmyer}, R.~A.
    },
    title = "{The GALAH survey: relative throughputs of the 2dF fibre positioner and the HERMES spectrograph from stellar targets}",
  journal = {MNRAS},
archivePrefix = "arXiv",
   eprint = {1603.08991},
 primaryClass = "astro-ph.IM",
 keywords = {instrumentation: spectrographs, techniques: spectroscopic},
     year = 2016,
    month = jun,
   volume = 459,
    pages = {1069-1081},
      doi = {10.1093/mnras/stw746},
   adsurl = {http://adsabs.harvard.edu/abs/2016MNRAS.459.1069S},
  adsnote = {Provided by the SAO/NASA Astrophysics Data System}
}

@article{Martell2010,
   author = {{Martell}, S.~L. and {Grebel}, E.~K.},
    title = "{Light-element abundance variations in the Milky Way halo}",
  journal = {A\&A},
archivePrefix = "arXiv",
   eprint = {1005.4070},
 keywords = {stars: abundances, Galaxy: halo, galaxies: formation},
     year = 2010,
    month = sep,
   volume = 519,
      eid = {A14},
    pages = {A14},
      doi = {10.1051/0004-6361/201014135},
   adsurl = {http://adsabs.harvard.edu/abs/2010A%26A...519A..14M},
  adsnote = {Provided by the SAO/NASA Astrophysics Data System}
}

@article{Mitschang2014,
   author = {{Mitschang}, A.~W. and {De Silva}, G. and {Zucker}, D.~B. and 
    {Anguiano}, B. and {Bensby}, T. and {Feltzing}, S.},
    title = "{Quantitative chemical tagging, stellar ages and the chemo-dynamical evolution of the Galactic disc}",
  journal = {MNRAS},
archivePrefix = "arXiv",
   eprint = {1312.1759},
 keywords = {techniques: miscellaneous, stars: abundances, Galaxy: disc, Galaxy: evolution, open clusters and associations: general},
     year = 2014,
    month = mar,
   volume = 438,
    pages = {2753-2764},
      doi = {10.1093/mnras/stt2320},
   adsurl = {http://adsabs.harvard.edu/abs/2014MNRAS.438.2753M},
  adsnote = {Provided by the SAO/NASA Astrophysics Data System}
}

@article{Martell2011,
   author = {{Martell}, S.~L. and {Smolinski}, J.~P. and {Beers}, T.~C. and 
    {Grebel}, E.~K.},
    title = "{Building the Galactic halo from globular clusters: evidence from chemically unusual red giants}",
  journal = {A\&A},
archivePrefix = "arXiv",
   eprint = {1109.3916},
 keywords = {stars: abundances, Galaxy: halo, Galaxy: formation},
     year = 2011,
    month = oct,
   volume = 534,
      eid = {A136},
    pages = {A136},
      doi = {10.1051/0004-6361/201117644},
   adsurl = {http://adsabs.harvard.edu/abs/2011A%26A...534A.136M},
  adsnote = {Provided by the SAO/NASA Astrophysics Data System}
}

@article{Hartwick2016,
   author = {{Hartwick}, F.~D.~A.},
    title = "{The Chemical Evolution of Galaxies: The Stellar Mass-Metallicity Relation}",
  journal = {ArXiv e-prints},
archivePrefix = "arXiv",
   eprint = {1604.07761},
 keywords = {Astrophysics - Astrophysics of Galaxies},
     year = 2016,
    month = apr,
   adsurl = {http://adsabs.harvard.edu/abs/2016arXiv160407761H},
  adsnote = {Provided by the SAO/NASA Astrophysics Data System}
}


@ARTICLE{Ness2018,
       author = {{Ness}, M. and {Rix}, H. -W. and {Hogg}, David W. and {Casey}, A.~R. and
        {Holtzman}, J. and {Fouesneau}, M. and {Zasowski}, G. and
        {Geisler}, D. and {Shetrone}, M. and {Minniti}, D. and
        {Frinchaboy}, Peter M. and {Roman-Lopes}, Alexandre},
        title = "{Galactic Doppelg{\"a}ngers: The Chemical Similarity Among Field Stars
        and Among Stars with a Common Birth Origin}",
      journal = {ApJ},
     keywords = {Galaxy: abundances, Galaxy: disk, Galaxy: formation, methods:
        statistical, open clusters and associations: individual:
        abundances, stars: abundances, Astrophysics - Solar and Stellar
        Astrophysics, Astrophysics - Astrophysics of Galaxies},
         year = 2018,
        month = Feb,
       volume = {853},
          eid = {198},
        pages = {198},
          doi = {10.3847/1538-4357/aa9d8e},
 primaryClass = {astro-ph.SR},
       adsurl = {https://ui.adsabs.harvard.edu/#abs/2018ApJ...853..198N},
      adsnote = {Provided by the SAO/NASA Astrophysics Data System}
}

@ARTICLE{Schonrich2009,
       author = {{Sch{\"o}nrich}, Ralph and {Binney}, James},
        title = "{Chemical evolution with radial mixing}",
      journal = {MNRAS},
     keywords = {galaxies: abundances, galaxies: evolution, galaxies: ISM, galaxies: kinematics and dynamics, Galaxy: disc, solar neighbourhood, Astrophysics},
         year = 2009,
        month = Jun,
       volume = {396},
        pages = {203-222},
          doi = {10.1111/j.1365-2966.2009.14750.x},
archivePrefix = {arXiv},
       eprint = {0809.3006},
 primaryClass = {astro-ph},
       adsurl = {https://ui.adsabs.harvard.edu/\#abs/2009MNRAS.396..203S},
      adsnote = {Provided by the SAO/NASA Astrophysics Data System}
}




@article{Hayden2015,
   author = {{Hayden}, M.~R. and {Bovy}, J. and {Holtzman}, J.~A. and {Nidever}, D.~L. and 
    {Bird}, J.~C. and {Weinberg}, D.~H. and {Andrews}, B.~H. and 
    {Majewski}, S.~R. and {Allende Prieto}, C. and {Anders}, F. and 
    {Beers}, T.~C. and {Bizyaev}, D. and {Chiappini}, C. and {Cunha}, K. and 
    {Frinchaboy}, P. and {Garc{\'{\i}}a-Her{\'n}andez}, D.~A. and 
    {Garc{\'{\i}}a P{\'e}rez}, A.~E. and {Girardi}, L. and {Harding}, P. and 
    {Hearty}, F.~R. and {Johnson}, J.~A. and {M{\'e}sz{\'a}ros}, S. and 
    {Minchev}, I. and {O'Connell}, R. and {Pan}, K. and {Robin}, A.~C. and 
    {Schiavon}, R.~P. and {Schneider}, D.~P. and {Schultheis}, M. and 
    {Shetrone}, M. and {Skrutskie}, M. and {Steinmetz}, M. and {Smith}, V. and 
    {Wilson}, J.~C. and {Zamora}, O. and {Zasowski}, G.},
    title = "{Chemical Cartography with APOGEE: Metallicity Distribution Functions and the Chemical Structure of the Milky Way Disk}",
  journal = {ApJ},
archivePrefix = "arXiv",
   eprint = {1503.02110},
 keywords = {Galaxy: abundances, Galaxy: disk, Galaxy: evolution, Galaxy: stellar content, Galaxy: structure},
     year = 2015,
    month = aug,
   volume = 808,
      eid = {132},
    pages = {132},
      doi = {10.1088/0004-637X/808/2/132},
   adsurl = {http://adsabs.harvard.edu/abs/2015ApJ...808..132H},
  adsnote = {Provided by the SAO/NASA Astrophysics Data System}
}

@article{Zasowski2013,
   author = {{Zasowski}, G. and {Johnson}, J.~A. and {Frinchaboy}, P.~M. and 
    {Majewski}, S.~R. and {Nidever}, D.~L. and {Rocha Pinto}, H.~J. and 
    {Girardi}, L. and {Andrews}, B. and {Chojnowski}, S.~D. and 
    {Cudworth}, K.~M. and {Jackson}, K. and {Munn}, J. and {Skrutskie}, M.~F. and 
    {Beaton}, R.~L. and {Blake}, C.~H. and {Covey}, K. and {Deshpande}, R. and 
    {Epstein}, C. and {Fabbian}, D. and {Fleming}, S.~W. and {Garcia Hernandez}, D.~A. and 
    {Herrero}, A. and {Mahadevan}, S. and {M{\'e}sz{\'a}ros}, S. and 
    {Schultheis}, M. and {Sellgren}, K. and {Terrien}, R. and {van Saders}, J. and 
    {Allende Prieto}, C. and {Bizyaev}, D. and {Burton}, A. and 
    {Cunha}, K. and {da Costa}, L.~N. and {Hasselquist}, S. and 
    {Hearty}, F. and {Holtzman}, J. and {Garc{\'{\i}}a P{\'e}rez}, A.~E. and 
    {Maia}, M.~A.~G. and {O'Connell}, R.~W. and {O'Donnell}, C. and 
    {Pinsonneault}, M. and {Santiago}, B.~X. and {Schiavon}, R.~P. and 
    {Shetrone}, M. and {Smith}, V. and {Wilson}, J.~C.},
    title = "{Target Selection for the Apache Point Observatory Galactic Evolution Experiment (APOGEE)}",
  journal = {AJ},
archivePrefix = "arXiv",
   eprint = {1308.0351},
 keywords = {Galaxy: abundances, Galaxy: kinematics and dynamics, stars: general, surveys },
     year = 2013,
    month = oct,
   volume = 146,
      eid = {81},
    pages = {81},
      doi = {10.1088/0004-6256/146/4/81},
   adsurl = {http://adsabs.harvard.edu/abs/2013AJ....146...81Z},
  adsnote = {Provided by the SAO/NASA Astrophysics Data System}
}

@article{Freeman2002,
   author = {{Freeman}, K. and {Bland-Hawthorn}, J.},
    title = "{The New Galaxy: Signatures of Its Formation}",
  journal = {\araa},
   eprint = {astro-ph/0208106},
 keywords = {osmology, local group, stellar populations, stellar kinematics},
     year = 2002,
   volume = 40,
    pages = {487-537},
      doi = {10.1146/annurev.astro.40.060401.093840},
   adsurl = {http://adsabs.harvard.edu/abs/2002ARA%26A..40..487F},
  adsnote = {Provided by the SAO/NASA Astrophysics Data System}
}

@article{Casey2016a,
   author = {{Casey}, A.~R. and {Hogg}, D.~W. and {Ness}, M. and {Rix}, H.-W. and 
    {Ho}, A.~Q. and {Gilmore}, G.},
    title = "{The Cannon 2: A data-driven model of stellar spectra for detailed chemical abundance analyses}",
  journal = {ArXiv e-prints},
archivePrefix = "arXiv",
   eprint = {1603.03040},
 primaryClass = "astro-ph.SR",
 keywords = {Astrophysics - Solar and Stellar Astrophysics},
     year = 2016,
    month = mar,
   adsurl = {http://adsabs.harvard.edu/abs/2016arXiv160303040C},
  adsnote = {Provided by the SAO/NASA Astrophysics Data System}
}

@article{Casey2016b,
   author = {{Casey}, A.~R. and {Hawkins}, K. and {Hogg}, D.~W. and {Ness}, M. and 
    {Walter-Rix}, H. and {Kordopatis}, G. and {Kunder}, A. and {Steinmetz}, M. and 
    {Koposov}, S. and {Enke}, H. and {Sanders}, J. and {Gilmore}, G. and 
    {Zwitter}, T. and {Freeman}, K.~C. and {Casagrande}, L. and 
    {Matijevi{\v c}}, G. and {Seabroke}, G. and {Bienaym{\'e}}, O. and 
    {Bland-Hawthorn}, J. and {Gibson}, B.~K. and {Grebel}, E.~K. and 
    {Helmi}, A. and {Munari}, U. and {Navarro}, J.~F. and {Reid}, W. and 
    {Siebert}, A. and {Wyse}, R.},
    title = "{The RAVE-on catalog of stellar atmospheric parameters and chemical abundances for chemo-dynamic studies in the Gaia era}",
  journal = {ArXiv e-prints},
archivePrefix = "arXiv",
   eprint = {1609.02914},
 primaryClass = "astro-ph.SR",
 keywords = {Astrophysics - Solar and Stellar Astrophysics, Astrophysics - Astrophysics of Galaxies},
     year = 2016,
    month = sep,
   adsurl = {http://adsabs.harvard.edu/abs/2016arXiv160902914C},
  adsnote = {Provided by the SAO/NASA Astrophysics Data System}
}


@article{Tabernero2012,
   author = {{Tabernero}, H.~M. and {Montes}, D. and {Gonz{\'a}lez Hern{\'a}ndez}, J.~I.
    },
    title = "{Chemically tagging the Hyades Supercluster. A homogeneous sample of F6-K4 kinematically selected northern stars}",
  journal = {A\&A},
archivePrefix = "arXiv",
   eprint = {1205.4879},
 primaryClass = "astro-ph.SR",
 keywords = {open clusters and associations: individual: Hyades Supercluster, open clusters and associations: individual: Hyades, stars: abundances, stars: kinematics and dynamics, stars: late-type, stars: fundamental parameters},
     year = 2012,
    month = nov,
   volume = 547,
      eid = {A13},
    pages = {A13},
      doi = {10.1051/0004-6361/201117506},
   adsurl = {http://adsabs.harvard.edu/abs/2012A%26A...547A..13T},
  adsnote = {Provided by the SAO/NASA Astrophysics Data System}
}

@article{Hawkins2016,
   author = {{Hawkins}, K. and {Masseron}, T. and {Jofr{\'e}}, P. and {Gilmore}, G. and 
    {Elsworth}, Y. and {Hekker}, S.},
    title = "{An accurate and self-consistent chemical abundance catalogue for the APOGEE/Kepler sample}",
  journal = {A\&A},
archivePrefix = "arXiv",
   eprint = {1604.08800},
 keywords = {stars: abundances, Galaxy: abundances, surveys},
     year = 2016,
    month = oct,
   volume = 594,
      eid = {A43},
    pages = {A43},
      doi = {10.1051/0004-6361/201628812},
   adsurl = {http://adsabs.harvard.edu/abs/2016A%26A...594A..43H},
  adsnote = {Provided by the SAO/NASA Astrophysics Data System}
}

@article{Anders2016,
   author = {{Anders}, F. and {Chiappini}, C. and {Rodrigues}, T.~S. and 
    {Piffl}, T. and {Mosser}, B. and {Miglio}, A. and {Montalb{\'a}n}, J. and 
    {Girardi}, L. and {Minchev}, I. and {Valentini}, M. and {Steinmetz}, M.
    },
    title = "{Galactic Archaeology with CoRoT and APOGEE: Creating mock observations from a chemodynamical model}",
  journal = {Astronomische Nachrichten},
archivePrefix = "arXiv",
   eprint = {1604.07771},
 keywords = {Asteroseismology, Galaxy: disk, Galaxy: evolution, Galaxy: stellar content, stars: abundances, stars: fundamental parameters, stars: statistics},
     year = 2016,
    month = sep,
   volume = 337,
    pages = {926},
      doi = {10.1002/asna.201612400},
   adsurl = {http://adsabs.harvard.edu/abs/2016AN....337..926A},
  adsnote = {Provided by the SAO/NASA Astrophysics Data System}
}

@article{Silich2016,
archivePrefix = {arXiv},
arxivId = {1610.10072},
author = {Silich, Sergiy; Tenorio-Tagle},
eprint = {1610.10072},
file = {:Users/Natalie/Library/Application Support/Mendeley Desktop/Downloaded/Silich - 2016 - Gas expulsion vs gas retention what process dominates in young massive clusters Sergiy Silich and Guillermo Tenorio-Ta.pdf:pdf},
keywords = {and processes,galaxies,globular clusters,hydrodynamics,star clusters,supernovae physical data},
number = {submitted},
pages = {1--9},
title = {{Gas expulsion vs gas retention : what process dominates in young massive clusters ? Sergiy Silich and Guillermo Tenorio-Tagle}},
volume = {MNRAS},
year = {2016}
}

@article{Kraft1994,
   author = {{Kraft}, R.~P.},
    title = "{Abundance differences among globular-cluster giants: Primordial versus evolutionary scenarios}",
  journal = {\pasp},
 keywords = {Abundance, Chemical Evolution, Giant Stars, Globular Clusters, Main Sequence Stars, Stellar Evolution, Variations, Aluminum, Carbon, Dredging, Metallicity, Nitrogen, Oxygen, Sodium, Stellar Composition, Stellar Rotation, Stellar Spectra},
     year = 1994,
    month = jun,
   volume = 106,
    pages = {553-565},
      doi = {10.1086/133416},
   adsurl = {http://adsabs.harvard.edu/abs/1994PASP..106..553K},
  adsnote = {Provided by the SAO/NASA Astrophysics Data System}
}

@article{Bovy2016,
   author = {{Bovy}, J.},
    title = "{The Chemical Homogeneity of Open Clusters}",
  journal = {ApJ},
archivePrefix = "arXiv",
   eprint = {1510.06745},
 keywords = {Galaxy: abundances, Galaxy: disk, Galaxy: evolution, Galaxy: formation, Galaxy: fundamental parameters, Galaxy: structure},
     year = 2016,
    month = jan,
   volume = 817,
      eid = {49},
    pages = {49},
      doi = {10.3847/0004-637X/817/1/49},
   adsurl = {http://adsabs.harvard.edu/abs/2016ApJ...817...49B},
  adsnote = {Provided by the SAO/NASA Astrophysics Data System}
}

@article{DeMedeirosJ.R.1996,
   author = {{de Medeiros}, J.~R. and {Da Rocha}, C. and {Mayor}, M.},
    title = "{The distribution of rotational velocity for evolved stars.}",
  journal = {A\&A},
 keywords = {STARS: FUNDAMENTAL PARAMETERS, STARS: ROTATION, STARS: STATISTICS},
     year = 1996,
    month = oct,
   volume = 314,
    pages = {499-502},
   adsurl = {http://adsabs.harvard.edu/abs/1996A%26A...314..499D},
  adsnote = {Provided by the SAO/NASA Astrophysics Data System}
}

@article{Thomas2016,
   author = {{Thomas}, A. and {Stevenson}, E. and {Gittins}, F.~W.~R. and 
    {Miglio}, A. and {Davies}, G. and {Girardi}, L. and {Campante}, T.~L. and 
    {Schofield}, M.},
    title = "{Galactic Archaeology with TESS: Prospects for Testing the Star Formation History in the Solar Neighbourhood}",
  journal = {ArXiv e-prints},
archivePrefix = "arXiv",
   eprint = {1610.08862},
 primaryClass = "astro-ph.SR",
 keywords = {Astrophysics - Solar and Stellar Astrophysics, Astrophysics - Astrophysics of Galaxies},
     year = 2016,
    month = oct,
   adsurl = {http://adsabs.harvard.edu/abs/2016arXiv161008862T},
  adsnote = {Provided by the SAO/NASA Astrophysics Data System}
}

@article{Cunha2015,
   author = {{Cunha}, K. and {Smith}, V.~V. and {Johnson}, J.~A. and {Bergemann}, M. and 
    {M{\'e}sz{\'a}ros}, S. and {Shetrone}, M.~D. and {Souto}, D. and 
    {Allende Prieto}, C. and {Schiavon}, R.~P. and {Frinchaboy}, P. and 
    {Zasowski}, G. and {Bizyaev}, D. and {Holtzman}, J. and {Garc{\'{\i}}a P{\'e}rez}, A.~E. and 
    {Majewski}, S.~R. and {Nidever}, D. and {Beers}, T. and {Carrera}, R. and 
    {Geisler}, D. and {Gunn}, J. and {Hearty}, F. and {Ivans}, I. and 
    {Martell}, S. and {Pinsonneault}, M. and {Schneider}, D.~P. and 
    {Sobeck}, J. and {Stello}, D. and {Stassun}, K.~G. and {Skrutskie}, M. and 
    {Wilson}, J.~C.},
    title = "{Sodium and Oxygen Abundances in the Open Cluster NGC 6791 from APOGEE H-band Spectroscopy}",
  journal = {ApJl},
archivePrefix = "arXiv",
   eprint = {1411.2034},
 primaryClass = "astro-ph.SR",
 keywords = {infrared: stars, open clusters and associations: general, stars: abundances},
     year = 2015,
    month = jan,
   volume = 798,
      eid = {L41},
    pages = {L41},
      doi = {10.1088/2041-8205/798/2/L41},
   adsurl = {http://adsabs.harvard.edu/abs/2015ApJ...798L..41C},
  adsnote = {Provided by the SAO/NASA Astrophysics Data System}
}

@inproceedings{Carlberg2010,
   author = {{Carlberg}, J.~K. and {Majewski}, S.~R. and {Smith}, V.~V. and 
    {Cunha}, K. and {Patterson}, R.~J. and {Bizyaev}, D. and {Arras}, P. and 
    {Rood}, R.~T.},
    title = "{A New Spin on Red Giant Rapid Rotators: Evidence for Chemical Exchange Between Planets and Evolved Stars}",
 keywords = {stars: abundances, stars: chemically peculiar, stars: rotation},
booktitle = {Chemical Abundances in the Universe: Connecting First Stars to Planets},
     year = {2010},
   series = {IAU Symposium},
   volume = 265,
   editor = {{Cunha}, K. and {Spite}, M. and {Barbuy}, B.},
    month = mar,
    pages = {408-411},
      doi = {10.1017/S1743921310001092},
   adsurl = {http://adsabs.harvard.edu/abs/2010IAUS..265..408C},
  adsnote = {Provided by the SAO/NASA Astrophysics Data System}
}

@article{Schiavon2016,
   author = {{Schiavon}, R.~P. and {Johnson}, J.~A. and {Frinchaboy}, P.~M. and 
    {Zasowski}, G. and {M{\'e}sz{\'a}ros}, S. and {Garc{\'{\i}}a-Hern{\'a}ndez}, D.~A. and 
    {Cohen}, R.~E. and {Tang}, B. and {Villanova}, S. and {Geisler}, D. and 
    {Beers}, T.~C. and {Fern{\'a}ndez-Trincado}, J.~G. and {Garc{\'{\i}}a P{\'e}rez}, A.~E. and 
    {Lucatello}, S. and {Majewski}, S.~R. and {Martell}, S.~L. and 
    {O'Connell}, R.~W. and {Prieto}, C.~A. and {Bizyaev}, D. and 
    {Carrera}, R. and {Lane}, R.~R. and {Malanushenko}, E. and {Malanushenko}, V. and 
    {Mu{\~n}oz}, R.~R. and {Nitschelm}, C. and {Oravetz}, D. and 
    {Pan}, K. and {Roman-Lopes}, A. and {Schultheis}, M. and {Simmons}, A.
    },
    title = "{APOGEE chemical abundances of globular cluster giants in the inner Galaxy}",
  journal = {MNRAS},
archivePrefix = "arXiv",
   eprint = {1611.03086},
 keywords = {stars: abundances, Galaxy: bulge, globular clusters: general},
     year = 2017,
    month = apr,
   volume = 466,
    pages = {1010-1018},
      doi = {10.1093/mnras/stw3093},
   adsurl = {http://adsabs.harvard.edu/abs/2017MNRAS.466.1010S},
  adsnote = {Provided by the SAO/NASA Astrophysics Data System}
}

@article{Rix2013,
   author = {{Rix}, H.-W. and {Bovy}, J.},
    title = "{The Milky Way's stellar disk. Mapping and modeling the Galactic disk}",
  journal = {A\&Ar},
archivePrefix = "arXiv",
   eprint = {1301.3168},
 primaryClass = "astro-ph.GA",
 keywords = {Galaxy: Disk, dynamics and kinematics, formation and evolution, stellar populations, Surveys},
     year = 2013,
    month = may,
   volume = 21,
      eid = {61},
    pages = {61},
      doi = {10.1007/s00159-013-0061-8},
   adsurl = {http://adsabs.harvard.edu/abs/2013A%26ARv..21...61R},
  adsnote = {Provided by the SAO/NASA Astrophysics Data System}
}

@article{Kordopatis2013,
   author = {{Kordopatis}, G. and {Gilmore}, G. and {Steinmetz}, M. and {Boeche}, C. and 
    {Seabroke}, G.~M. and {Siebert}, A. and {Zwitter}, T. and {Binney}, J. and 
    {de Laverny}, P. and {Recio-Blanco}, A. and {Williams}, M.~E.~K. and 
    {Piffl}, T. and {Enke}, H. and {Roeser}, S. and {Bijaoui}, A. and 
    {Wyse}, R.~F.~G. and {Freeman}, K. and {Munari}, U. and {Carrillo}, I. and 
    {Anguiano}, B. and {Burton}, D. and {Campbell}, R. and {Cass}, C.~J.~P. and 
    {Fiegert}, K. and {Hartley}, M. and {Parker}, Q.~A. and {Reid}, W. and 
    {Ritter}, A. and {Russell}, K.~S. and {Stupar}, M. and {Watson}, F.~G. and 
    {Bienaym{\'e}}, O. and {Bland-Hawthorn}, J. and {Gerhard}, O. and 
    {Gibson}, B.~K. and {Grebel}, E.~K. and {Helmi}, A. and {Navarro}, J.~F. and 
    {Conrad}, C. and {Famaey}, B. and {Faure}, C. and {Just}, A. and 
    {Kos}, J. and {Matijevi{\v c}}, G. and {McMillan}, P.~J. and 
    {Minchev}, I. and {Scholz}, R. and {Sharma}, S. and {Siviero}, A. and 
    {de Boer}, E.~W. and {{\v Z}erjal}, M.},
    title = "{The Radial Velocity Experiment (RAVE): Fourth Data Release}",
  journal = {AJ},
archivePrefix = "arXiv",
   eprint = {1309.4284},
 keywords = {catalogs, stars: abundances, stars: fundamental parameters, surveys, techniques: spectroscopic },
     year = 2013,
    month = nov,
   volume = 146,
      eid = {134},
    pages = {134},
      doi = {10.1088/0004-6256/146/5/134},
   adsurl = {http://adsabs.harvard.edu/abs/2013AJ....146..134K},
  adsnote = {Provided by the SAO/NASA Astrophysics Data System}
}

@article{Correnti2016,
   author = {{Correnti}, M. and {Gennaro}, M. and {Kalirai}, J.~S. and {Brown}, T.~M. and 
    {Calamida}, A.},
    title = "{Constraining Globular Cluster Age Uncertainties using the IR Color-Magnitude Diagram}",
  journal = {ApJ},
archivePrefix = "arXiv",
   eprint = {1603.05254},
 primaryClass = "astro-ph.SR",
 keywords = {galaxies: star clusters: general, globular clusters: general},
     year = 2016,
    month = may,
   volume = 823,
      eid = {18},
    pages = {18},
      doi = {10.3847/0004-637X/823/1/18},
   adsurl = {http://adsabs.harvard.edu/abs/2016ApJ...823...18C},
  adsnote = {Provided by the SAO/NASA Astrophysics Data System}
}

@article{Wan2017,
   author = {{Wan}, J.-c. and {Liu}, C. and {Deng}, L.-c. and {Wu}, Y.},
    title = "{Red Clump stars from LAMOST II: the outer disc of the Milky Way}",
  journal = {ArXiv e-prints},
archivePrefix = "arXiv",
   eprint = {1704.04369},
 keywords = {Astrophysics - Astrophysics of Galaxies},
     year = 2017,
    month = apr,
   adsurl = {http://adsabs.harvard.edu/abs/2017arXiv170404369W},
  adsnote = {Provided by the SAO/NASA Astrophysics Data System}
}

@article{Roeser2016,
   author = {{R{\"o}ser}, S. and {Schilbach}, E. and {Goldman}, B.},
    title = "{Nine new open clusters within 500 pc from the Sun}",
  journal = {A\&A},
 keywords = {open clusters and associations: general, catalogs, surveys, proper motions},
     year = 2016,
    month = oct,
   volume = 595,
      eid = {A22},
    pages = {A22},
      doi = {10.1051/0004-6361/201629158},
   adsurl = {http://adsabs.harvard.edu/abs/2016A%26A...595A..22R},
  adsnote = {Provided by the SAO/NASA Astrophysics Data System}
}

@article{Ritter2016,
   author = {{Ritter}, J.~S. and {Safranek-Shrader}, C. and {Milosavljevi{\'c}}, M. and 
    {Bromm}, V.},
    title = "{Towards ab initio extremely metal-poor stars}",
  journal = {MNRAS},
archivePrefix = "arXiv",
   eprint = {1605.07236},
 keywords = {methods: numerical, stars: abundances, stars: Population II, galaxies: dwarf, galaxies: formation, dark ages, reionization, first stars},
     year = 2016,
    month = dec,
   volume = 463,
    pages = {3354-3364},
      doi = {10.1093/mnras/stw2220},
   adsurl = {http://adsabs.harvard.edu/abs/2016MNRAS.463.3354R},
  adsnote = {Provided by the SAO/NASA Astrophysics Data System}
}

@article{Kobayashi2006,
   author = {{Kobayashi}, C. and {Umeda}, H. and {Nomoto}, K. and {Tominaga}, N. and 
    {Ohkubo}, T.},
    title = "{Galactic Chemical Evolution: Carbon through Zinc}",
  journal = {ApJ},
   eprint = {astro-ph/0608688},
 keywords = {Galaxies: Abundances, Galaxies: Evolution, Stars: Supernovae: General},
     year = 2006,
    month = dec,
   volume = 653,
    pages = {1145-1171},
      doi = {10.1086/508914},
   adsurl = {http://adsabs.harvard.edu/abs/2006ApJ...653.1145K},
  adsnote = {Provided by the SAO/NASA Astrophysics Data System}
}

@article{Li2016,
   author = {{Li}, X.-R. and {Pan}, R.-Y. and {Duan}, F.-Q.},
    title = "{Parameterizing Stellar Spectra Using Deep Neural Networks}",
  journal = {Research in Astronomy and Astrophysics},
archivePrefix = "arXiv",
   eprint = {1603.00995},
 primaryClass = "astro-ph.SR",
     year = 2017,
    month = mar,
   volume = 17,
      eid = {036},
    pages = {036},
      doi = {10.1088/1674-4527/17/4/36},
   adsurl = {http://adsabs.harvard.edu/abs/2017RAA....17..036L},
  adsnote = {Provided by the SAO/NASA Astrophysics Data System}
}

@article{Martell2016,
   author = {{Martell}, S.~L. and {Shetrone}, M.~D. and {Lucatello}, S. and 
    {Schiavon}, R.~P. and {M{\'e}sz{\'a}ros}, S. and {Allende Prieto}, C. and 
    {Garc{\'{\i}}a-Hern{\'a}ndez}, D.~A. and {Beers}, T.~C. and 
    {Nidever}, D.~L.},
    title = "{Chemical Tagging in the SDSS-III/APOGEE Survey: New Identifications of Halo Stars with Globular Cluster Origins}",
  journal = {ApJ},
archivePrefix = "arXiv",
   eprint = {1605.05792},
 keywords = {Galaxy: formation, Galaxy: halo, Galaxy: stellar content, stars: abundances},
     year = 2016,
    month = jul,
   volume = 825,
      eid = {146},
    pages = {146},
      doi = {10.3847/0004-637X/825/2/146},
   adsurl = {http://adsabs.harvard.edu/abs/2016ApJ...825..146M},
  adsnote = {Provided by the SAO/NASA Astrophysics Data System}
}

@article{Wojno2016,
   author = {{Wojno}, J. and {Kordopatis}, G. and {Steinmetz}, M. and {McMillan}, P. and 
    {Matijevi{\v c}}, G. and {Binney}, J. and {Wyse}, R.~F.~G. and 
    {Boeche}, C. and {Just}, A. and {Grebel}, E.~K. and {Siebert}, A. and 
    {Bienaym{\'e}}, O. and {Gibson}, B.~K. and {Zwitter}, T. and 
    {Bland-Hawthorn}, J. and {Navarro}, J.~F. and {Parker}, Q.~A. and 
    {Reid}, W. and {Seabroke}, G. and {Watson}, F.},
    title = "{Chemical separation of disc components using RAVE}",
  journal = {MNRAS},
archivePrefix = "arXiv",
   eprint = {1603.09339},
 keywords = {Galaxy: abundances, Galaxy: disc, Galaxy: evolution, Galaxy: kinematics and dynamics, Galaxy: structure},
     year = 2016,
    month = oct,
   volume = 461,
    pages = {4246-4255},
      doi = {10.1093/mnras/stw1633},
   adsurl = {http://adsabs.harvard.edu/abs/2016MNRAS.461.4246W},
  adsnote = {Provided by the SAO/NASA Astrophysics Data System}
}

@article{Blanco-Cuaresma2015,
   author = {{Blanco-Cuaresma}, S. and {Soubiran}, C. and {Heiter}, U. and 
    {Asplund}, M. and {Carraro}, G. and {Costado}, M.~T. and {Feltzing}, S. and 
    {Gonz{\'a}lez-Hern{\'a}ndez}, J.~I. and {Jim{\'e}nez-Esteban}, F. and 
    {Korn}, A.~J. and {Marino}, A.~F. and {Montes}, D. and {San Roman}, I. and 
    {Tabernero}, H.~M. and {Tautvai{\v s}ien{\.e}}, G.},
    title = "{Testing the chemical tagging technique with open clusters}",
  journal = {A\&A},
archivePrefix = "arXiv",
   eprint = {1503.02082},
 primaryClass = "astro-ph.SR",
 keywords = {stars: abundances, techniques: spectroscopic, Galaxy: abundances},
     year = 2015,
    month = may,
   volume = 577,
      eid = {A47},
    pages = {A47},
      doi = {10.1051/0004-6361/201425232},
   adsurl = {http://adsabs.harvard.edu/abs/2015A%26A...577A..47B},
  adsnote = {Provided by the SAO/NASA Astrophysics Data System}
}

@article{Gray1982,
   author = {{Gray}, D.~F.},
    title = "{The temperature dependence of rotation and turbulence in giant stars}",
  journal = {ApJ},
 keywords = {Giant Stars, Spectrum Analysis, Stellar Rotation, Stellar Temperature, Temperature Dependence, Turbulence, Angular Velocity, Dynamo Theory, Late Stars, Spectral Line Width, Stellar Evolution, Stellar Spectra},
     year = 1982,
    month = nov,
   volume = 262,
    pages = {682-699},
      doi = {10.1086/160461},
   adsurl = {http://adsabs.harvard.edu/abs/1982ApJ...262..682G},
  adsnote = {Provided by the SAO/NASA Astrophysics Data System}
}

@article{Stanek1998,
   author = {{Stanek}, K.~Z. and {Garnavich}, P.~M.},
    title = "{Distance to M31 with the Hubble Space Telescope and HIPPARCOS Red Clump Stars}",
  journal = {ApJl},
   eprint = {astro-ph/9802121},
 keywords = {GALAXY: CENTER, GALAXIES: INDIVIDUAL MESSIER NUMBER: M31, GALAXIES: DISTANCES AND REDSHIFTS, SOLAR SYSTEM: GENERAL, STARS: HORIZONTAL-BRANCH, Galaxies: Distances and Redshifts, Galaxies: Individual: Messier Number: M31, Galaxy: Center, Solar System: General, Stars: Horizontal-Branch},
     year = 1998,
    month = aug,
   volume = 503,
    pages = {L131-L134},
      doi = {10.1086/311539},
   adsurl = {http://adsabs.harvard.edu/abs/1998ApJ...503L.131S},
  adsnote = {Provided by the SAO/NASA Astrophysics Data System}
}

@article{Martig2015,
   author = {{Martig}, M. and {Fouesneau}, M. and {Rix}, H.-W. and {Ness}, M. and 
    {M{\'e}sz{\'a}ros}, S. and {Garc{\'{\i}}a-Hern{\'a}ndez}, D.~A. and 
    {Pinsonneault}, M. and {Serenelli}, A. and {Silva Aguirre}, V. and 
    {Zamora}, O.},
    title = "{Red giant masses and ages derived from carbon and nitrogen abundances}",
  journal = {MNRAS},
archivePrefix = "arXiv",
   eprint = {1511.08203},
 primaryClass = "astro-ph.SR",
 keywords = {stars: abundances, stars: evolution, stars: fundamental parameters},
     year = 2016,
    month = mar,
   volume = 456,
    pages = {3655-3670},
      doi = {10.1093/mnras/stv2830},
   adsurl = {http://adsabs.harvard.edu/abs/2016MNRAS.456.3655M},
  adsnote = {Provided by the SAO/NASA Astrophysics Data System}
}


@article{Bell2016,
   author = {{Bell}, C.~P.~M.},
    title = "{Clusters as Benchmarks for Measuring Fundamental Stellar Parameters}",
 keywords = {stars: fundamental parameters, open clusters and associations: general},
booktitle = {19th Cambridge Workshop on Cool Stars, Stellar Systems, and the Sun (CS19)},
     year = 2016,
archivePrefix = "arXiv",
   eprint = {1609.03209},
 primaryClass = "astro-ph.SR",
    month = jun,
      eid = {102},
    pages = {102},
      doi = {10.5281/zenodo.58936},
   adsurl = {http://adsabs.harvard.edu/abs/2016csss.confE.102B},
  adsnote = {Provided by the SAO/NASA Astrophysics Data System}
}


@article{Paczynski1997,
   author = {{Paczy{\'n}ski}, B. and {Stanek}, K.~Z.},
    title = "{Galactocentric Distance with the Optical Gravitational Lensing Experiment and HIPPARCOS Red Clump Stars}",
  journal = {ApJl},
   eprint = {astro-ph/9708080},
 keywords = {GALAXY: CENTER, GALAXY: FUNDAMENTAL PARAMETERS, GALAXY: SOLAR NEIGHBORHOOD, GALAXY: STELLAR CONTENT, STARS: HORIZONTAL-BRANCH, Galaxy: Center, Galaxy: Fundamental Parameters, Galaxy: Stellar Content, Galaxy: Solar Neighborhood, Stars: Horizontal-Branch},
     year = 1998,
    month = feb,
   volume = 494,
    pages = {L219-L222},
      doi = {10.1086/311181},
   adsurl = {http://adsabs.harvard.edu/abs/1998ApJ...494L.219P},
  adsnote = {Provided by the SAO/NASA Astrophysics Data System}
}

@article{Frey2007,
    author = {Frey, Brendan J. and Dueck, Delbert},
    title = {Clustering by Passing Messages Between Data Points},
    volume = {315},
    number = {5814},
    pages = {972--976},
    year = {2007},
    doi = {10.1126/science.1136800},
    publisher = {American Association for the Advancement of Science},
    abstract = {Clustering data by identifying a subset of representative examples is important for processing sensory signals and detecting patterns in data. Such {\textquotedblleft}exemplars{\textquotedblright} can be found by randomly choosing an initial subset of data points and then iteratively refining it, but this works well only if that initial choice is close to a good solution. We devised a method called {\textquotedblleft}affinity propagation,{\textquotedblright} which takes as input measures of similarity between pairs of data points. Real-valued messages are exchanged between data points until a high-quality set of exemplars and corresponding clusters gradually emerges. We used affinity propagation to cluster images of faces, detect genes in microarray data, identify representative sentences in this manuscript, and identify cities that are efficiently accessed by airline travel. Affinity propagation found clusters with much lower error than other methods, and it did so in less than one-hundredth the amount of time.},
    issn = {0036-8075},
    URL = {http://science.sciencemag.org/content/315/5814/972},
    eprint = {http://science.sciencemag.org/content/315/5814/972.full.pdf},
    journal = {Science}
}

@inproceedings{Heiter2011,
   author = {{Heiter}, U. and {Lebzelter}, T.},
    title = "{Gaia spectroscopy overview and comparative spectrum modeling for cool giants}",
booktitle = {Journal of Physics Conference Series},
     year = 2011,
   series = {Journal of Physics Conference Series},
   volume = 328,
    month = dec,
      eid = {012001},
    pages = {012001},
      doi = {10.1088/1742-6596/328/1/012001},
   adsurl = {http://adsabs.harvard.edu/abs/2011JPhCS.328a2001H},
  adsnote = {Provided by the SAO/NASA Astrophysics Data System}
}

@article{Kawata2016,
   author = {{Kawata}, D. and {Chiappini}, C.},
    title = "{Milky Way's thick and thin disk: Is there a distinct thick disk?}",
  journal = {Astronomische Nachrichten},
archivePrefix = "arXiv",
   eprint = {1608.01698},
     year = 2016,
    month = sep,
   volume = 337,
    pages = {976},
      doi = {10.1002/asna.201612421},
   adsurl = {http://adsabs.harvard.edu/abs/2016AN....337..976K},
  adsnote = {Provided by the SAO/NASA Astrophysics Data System}
}

@article{Hogg2016,
   author = {{Hogg}, D.~W. and {Casey}, A.~R. and {Ness}, M. and {Rix}, H.-W. and 
    {Foreman-Mackey}, D. and {Hasselquist}, S. and {Ho}, A.~Y.~Q. and 
    {Holtzman}, J.~A. and {Majewski}, S.~R. and {Martell}, S.~L. and 
    {M{\'e}sz{\'a}ros}, S. and {Nidever}, D.~L. and {Shetrone}, M.
    },
    title = "{Chemical Tagging Can Work: Identification of Stellar Phase-space Structures Purely by Chemical-abundance Similarity}",
  journal = {ApJ},
archivePrefix = "arXiv",
   eprint = {1601.05413},
 keywords = {Galaxy: abundances, Galaxy: stellar content, Galaxy: structure, globular clusters: general, open clusters and associations: general, stars: abundances},
     year = 2016,
    month = dec,
   volume = 833,
      eid = {262},
    pages = {262},
      doi = {10.3847/1538-4357/833/2/262},
   adsurl = {http://adsabs.harvard.edu/abs/2016ApJ...833..262H},
  adsnote = {Provided by the SAO/NASA Astrophysics Data System}
}

@article{Majewski2015,
   author = {{Majewski}, S.~R. and {Schiavon}, R.~P. and {Frinchaboy}, P.~M. and 
    {Allende Prieto}, C. and {Barkhouser}, R. and {Bizyaev}, D. and 
    {Blank}, B. and {Brunner}, S. and {Burton}, A. and {Carrera}, R. and 
    {Chojnowski}, S.~D. and {Cunha}, K. and {Epstein}, C. and {Fitzgerald}, G. and 
    {Garcia Perez}, A.~E. and {Hearty}, F.~R. and {Henderson}, C. and 
    {Holtzman}, J.~A. and {Johnson}, J.~A. and {Lam}, C.~R. and 
    {Lawler}, J.~E. and {Maseman}, P. and {Meszaros}, S. and {Nelson}, M. and 
    {Coung Nguyen}, D. and {Nidever}, D.~L. and {Pinsonneault}, M. and 
    {Shetrone}, M. and {Smee}, S. and {Smith}, V.~V. and {Stolberg}, T. and 
    {Skrutskie}, M.~F. and {Walker}, E. and {Wilson}, J.~C. and 
    {Zasowski}, G. and {Anders}, F. and {Basu}, S. and {Beland}, S. and 
    {Blanton}, M.~R. and {Bovy}, J. and {Brownstein}, J.~R. and 
    {Carlberg}, J. and {Chaplin}, W. and {Chiappini}, C. and {Eisenstein}, D.~J. and 
    {Elsworth}, Y. and {Feuillet}, D. and {Fleming}, S.~W. and {Galbraith-Frew}, J. and 
    {Garcia}, R.~A. and {Anibal Garcia-Hernandez}, D. and {Gillespie}, B.~A. and 
    {Girardi}, L. and {Gunn}, J.~E. and {Hasselquist}, S. and {Hayden}, M.~R. and 
    {Hekker}, S. and {Ivans}, I. and {Kinemuchi}, K. and {Klaene}, M. and 
    {Mahadevan}, S. and {Mathur}, S. and {Mosser}, B. and {Muna}, D. and 
    {Munn}, J.~A. and {Nichol}, R.~C. and {O'Connell}, R.~W. and 
    {Robin}, A.~C. and {Rocha-Pinto}, H. and {Schultheis}, M. and 
    {Serenelli}, A.~M. and {Shane}, N. and {Silva Aguirre}, V. and 
    {Sobeck}, J.~S. and {Thompson}, B. and {Troup}, N.~W. and {Weinberg}, D.~H. and 
    {Zamora}, O.},
    title = "{The Apache Point Observatory Galactic Evolution Experiment (APOGEE)}",
  journal = {ArXiv e-prints},
archivePrefix = "arXiv",
   eprint = {1509.05420},
 primaryClass = "astro-ph.IM",
 keywords = {Astrophysics - Instrumentation and Methods for Astrophysics, Astrophysics - Astrophysics of Galaxies},
     year = 2015,
    month = sep,
   adsurl = {http://adsabs.harvard.edu/abs/2015arXiv150905420M},
  adsnote = {Provided by the SAO/NASA Astrophysics Data System}
}

@article{Ting2016,
   author = {{Ting}, Y.-S. and {Conroy}, C. and {Rix}, H.-W.},
    title = "{Accelerated Fitting of Stellar Spectra}",
  journal = {ApJ},
archivePrefix = "arXiv",
   eprint = {1602.06947},
 primaryClass = "astro-ph.SR",
 keywords = {methods: data analysis, stars: abundances, stars: atmospheres, techniques: spectroscopic},
     year = 2016,
    month = jul,
   volume = 826,
      eid = {83},
    pages = {83},
      doi = {10.3847/0004-637X/826/1/83},
   adsurl = {http://adsabs.harvard.edu/abs/2016ApJ...826...83T},
  adsnote = {Provided by the SAO/NASA Astrophysics Data System}
}

@article{Fernandez-Alvar2016,
   author = {{Fern{\'a}ndez-Alvar}, E. and {Carigi}, L. and {Allende Prieto}, C. and 
    {Hayden}, M.~R. and {Beers}, T.~C. and {Fern{\'a}ndez-Trincado}, J.~G. and 
    {Meza}, A. and {Schultheis}, M. and {Santiago}, B.~X. and {Queiroz}, A.~B. and 
    {Anders}, F. and {da Costa}, L.~N. and {Chiappini}, C.},
    title = "{Chemical trends in the Galactic halo from APOGEE data}",
  journal = {MNRAS},
archivePrefix = "arXiv",
   eprint = {1611.01249},
 primaryClass = "astro-ph.SR",
 keywords = {stars: abundances, Galaxy: halo, Galaxy: stellar content},
     year = 2017,
    month = feb,
   volume = 465,
    pages = {1586-1600},
      doi = {10.1093/mnras/stw2861},
   adsurl = {http://adsabs.harvard.edu/abs/2017MNRAS.465.1586F},
  adsnote = {Provided by the SAO/NASA Astrophysics Data System}
}

@article{Kumamoto2016,
   author = {{Kumamoto}, J. and {Noguchi}, M.},
    title = "{Global Spiral Arms Formation by Non-linear Interaction of Wakelets}",
  journal = {ApJ},
archivePrefix = "arXiv",
   eprint = {1603.08761},
 keywords = {galaxies: kinematics and dynamics, galaxies: spiral, methods: numerical},
     year = 2016,
    month = may,
   volume = 822,
      eid = {110},
    pages = {110},
      doi = {10.3847/0004-637X/822/2/110},
   adsurl = {http://adsabs.harvard.edu/abs/2016ApJ...822..110K},
  adsnote = {Provided by the SAO/NASA Astrophysics Data System}
}

@article{VanDokkum2013,
   author = {{van Dokkum}, P.~G. and {Leja}, J. and {Nelson}, E.~J. and {Patel}, S. and 
    {Skelton}, R.~E. and {Momcheva}, I. and {Brammer}, G. and {Whitaker}, K.~E. and 
    {Lundgren}, B. and {Fumagalli}, M. and {Conroy}, C. and {F{\"o}rster Schreiber}, N. and 
    {Franx}, M. and {Kriek}, M. and {Labb{\'e}}, I. and {Marchesini}, D. and 
    {Rix}, H.-W. and {van der Wel}, A. and {Wuyts}, S.},
    title = "{The Assembly of Milky-Way-like Galaxies Since z \~{} 2.5}",
  journal = {ApJl},
archivePrefix = "arXiv",
   eprint = {1304.2391},
 keywords = {cosmology: observations, galaxies: evolution, Galaxy: formation, Galaxy: structure },
     year = 2013,
    month = jul,
   volume = 771,
      eid = {L35},
    pages = {L35},
      doi = {10.1088/2041-8205/771/2/L35},
   adsurl = {http://adsabs.harvard.edu/abs/2013ApJ...771L..35V},
  adsnote = {Provided by the SAO/NASA Astrophysics Data System}
}

@article{Avila-Vergara2016,
   author = {{Avila-Vergara}, N. and {Carigi}, L. and {Hidalgo}, S.~L. and 
    {Durazo}, R.},
    title = "{Chemical history of isolated dwarf galaxies of the Local Group - I. dSphs: Cetus and Tucana}",
  journal = {MNRAS},
archivePrefix = "arXiv",
   eprint = {1605.00295},
 keywords = {stars: formation, ISM: evolution, galaxies: dwarf, galaxies: evolution, Local Group},
     year = 2016,
    month = apr,
   volume = 457,
    pages = {4012-4020},
      doi = {10.1093/mnras/stw205},
   adsurl = {http://adsabs.harvard.edu/abs/2016MNRAS.457.4012A},
  adsnote = {Provided by the SAO/NASA Astrophysics Data System}
}

@article{Rix2016,
   author = {{Rix}, H.-W. and {Ting}, Y.-S. and {Conroy}, C. and {Hogg}, D.~W.
    },
    title = "{Constructing Polynomial Spectral Models for Stars}",
  journal = {ApJl},
archivePrefix = "arXiv",
   eprint = {1603.06574},
 primaryClass = "astro-ph.SR",
 keywords = {methods: data analysis, stars: abundances, stars: atmospheres, techniques: spectroscopic},
     year = 2016,
    month = aug,
   volume = 826,
      eid = {L25},
    pages = {L25},
      doi = {10.3847/2041-8205/826/2/L25},
   adsurl = {http://adsabs.harvard.edu/abs/2016ApJ...826L..25R},
  adsnote = {Provided by the SAO/NASA Astrophysics Data System}
}

@article{Lada2003,
   author = {{Lada}, C.~J. and {Lada}, E.~A.},
    title = "{Embedded Clusters in Molecular Clouds}",
  journal = {\araa},
   eprint = {astro-ph/0301540},
     year = 2003,
   volume = 41,
    pages = {57-115},
      doi = {10.1146/annurev.astro.41.011802.094844},
   adsurl = {http://adsabs.harvard.edu/abs/2003ARA%26A..41...57L},
  adsnote = {Provided by the SAO/NASA Astrophysics Data System}
}

@article{Martinez-Medina2016,
   author = {{Martinez-Medina}, L.~A. and {Pichardo}, B. and {Moreno}, E. and 
    {Peimbert}, A.},
    title = "{Revealing the spiral arms through radial migration and the shape of the metallicity distribution function}",
  journal = {MNRAS},
archivePrefix = "arXiv",
   eprint = {1604.01765},
 keywords = {Galaxy: disc, Galaxy: evolution, Galaxy: kinematics and dynamics, Galaxy: structure},
     year = 2016,
    month = nov,
   volume = 463,
    pages = {459-466},
      doi = {10.1093/mnras/stw1997},
   adsurl = {http://adsabs.harvard.edu/abs/2016MNRAS.463..459M},
  adsnote = {Provided by the SAO/NASA Astrophysics Data System}
}

@article{Corsaro2017,
   author = {{Corsaro}, E. and {Lee}, Y.-N. and {Garc{\'{\i}}a}, R.~A. and 
    {Hennebelle}, P. and {Mathur}, S. and {Beck}, P.~G. and {Mathis}, S. and 
    {Stello}, D. and {Bouvier}, J.},
    title = "{Spin alignment of stars in old open clusters}",
  journal = {Nature Astronomy},
archivePrefix = "arXiv",
   eprint = {1703.05588},
 primaryClass = "astro-ph.SR",
     year = 2017,
    month = mar,
   volume = 1,
      eid = {0064},
    pages = {0064},
      doi = {10.1038/s41550-017-0064},
   adsurl = {http://adsabs.harvard.edu/abs/2017NatAs...1E..64C},
  adsnote = {Provided by the SAO/NASA Astrophysics Data System}
}

@article{DeSilva2006,
   author = {{De Silva}, G.~M. and {Sneden}, C. and {Paulson}, D.~B. and 
    {Asplund}, M. and {Bland-Hawthorn}, J. and {Bessell}, M.~S. and 
    {Freeman}, K.~C.},
    title = "{Chemical Homogeneity in the Hyades}",
  journal = {AJ},
   eprint = {astro-ph/0509241},
 keywords = {Galaxy: Open Clusters and Associations: Individual: Name: Hyades, Stars: Abundances},
     year = 2006,
    month = jan,
   volume = 131,
    pages = {455-460},
      doi = {10.1086/497968},
   adsurl = {http://adsabs.harvard.edu/abs/2006AJ....131..455D},
  adsnote = {Provided by the SAO/NASA Astrophysics Data System}
}

@article{Carretta2009,
   author = {{Carretta}, E. and {Bragaglia}, A. and {Gratton}, R. and {Lucatello}, S.
    },
    title = "{Na-O anticorrelation and HB. VIII. Proton-capture elements and metallicities in 17 globular clusters from UVES spectra}",
  journal = {A\&A},
archivePrefix = "arXiv",
   eprint = {0909.2941},
 keywords = {stars: abundances, stars: atmospheres, stars: population II, Galaxy: globular clusters: general},
     year = 2009,
    month = oct,
   volume = 505,
    pages = {139-155},
      doi = {10.1051/0004-6361/200912097},
   adsurl = {http://adsabs.harvard.edu/abs/2009A%26A...505..139C},
  adsnote = {Provided by the SAO/NASA Astrophysics Data System}
}

@article{Zhao2012,
   author = {{Zhao}, G. and {Zhao}, Y. and {Chu}, Y. and {Jing}, Y. and {Deng}, L.
    },
    title = "{LAMOST Spectral Survey}",
  journal = {ArXiv e-prints},
archivePrefix = "arXiv",
   eprint = {1206.3569},
 primaryClass = "astro-ph.IM",
 keywords = {Astrophysics - Instrumentation and Methods for Astrophysics},
     year = 2012,
    month = jun,
   adsurl = {http://adsabs.harvard.edu/abs/2012arXiv1206.3569Z},
  adsnote = {Provided by the SAO/NASA Astrophysics Data System}
}

@article{Cordero2016,
   author = {{Cordero}, M.~J. and {H{\'e}nault-Brunet}, V. and {Pilachowski}, C.~A. and 
    {Balbinot}, E. and {Johnson}, C.~I. and {Varri}, A.~L.},
    title = "{Differences in the rotational properties of multiple stellar populations in M13: a faster rotation for the `extreme' chemical subpopulation}",
  journal = {MNRAS},
archivePrefix = "arXiv",
   eprint = {1610.09374},
 keywords = {- stars: abundances, stars: kinematics and dynamics, globular clusters: general, globular clusters: individual: M13, globular clusters: individual: NGC 6205, galaxies: star clusters: general},
     year = 2017,
    month = mar,
   volume = 465,
    pages = {3515-3535},
      doi = {10.1093/mnras/stw2812},
   adsurl = {http://adsabs.harvard.edu/abs/2017MNRAS.465.3515C},
  adsnote = {Provided by the SAO/NASA Astrophysics Data System}
}

@article{Murillo2016,
   author = {{Murillo}, N.~M. and {van Dishoeck}, E.~F. and {Tobin}, J.~J. and 
    {Fedele}, D.},
    title = "{Do siblings always form and evolve simultaneously? Testing the coevality of multiple protostellar systems through SEDs}",
  journal = {A\&A},
archivePrefix = "arXiv",
   eprint = {1604.06123},
 primaryClass = "astro-ph.SR",
 keywords = {stars: formation, stars: protostars, stars: low-mass, methods: statistical, catalogs, techniques: photometric},
     year = 2016,
    month = jul,
   volume = 592,
      eid = {A56},
    pages = {A56},
      doi = {10.1051/0004-6361/201628247},
   adsurl = {http://adsabs.harvard.edu/abs/2016A%26A...592A..56M},
  adsnote = {Provided by the SAO/NASA Astrophysics Data System}
}

@article{Zhang2016,
   author = {{Zhang}, C.-X. and {Yuan}, Y. and {Zhang}, H.-W. and {Shuai}, Y. and 
    {Tan}, H.-P.},
    title = "{Estimating stellar effective temperatures and detected angular parameters using stochastic particle swarm optimization}",
  journal = {Research in Astronomy and Astrophysics},
archivePrefix = "arXiv",
   eprint = {1605.01165},
 primaryClass = "astro-ph.SR",
     year = 2016,
    month = sep,
   volume = 16,
      eid = {140},
    pages = {140},
      doi = {10.1088/1674-4527/16/9/140},
   adsurl = {http://adsabs.harvard.edu/abs/2016RAA....16..140Z},
  adsnote = {Provided by the SAO/NASA Astrophysics Data System}
}

@article{McMillan2013,
   author = {{McMillan}, P.~J. and {Binney}, J.~J.},
    title = "{Analysing surveys of our Galaxy - II. Determining the potential}",
  journal = {MNRAS},
archivePrefix = "arXiv",
   eprint = {1303.5660},
 keywords = {methods: data analysis, Galaxy: kinematics and dynamics, Galaxy: structure},
     year = 2013,
    month = aug,
   volume = 433,
    pages = {1411-1424},
      doi = {10.1093/mnras/stt814},
   adsurl = {http://adsabs.harvard.edu/abs/2013MNRAS.433.1411M},
  adsnote = {Provided by the SAO/NASA Astrophysics Data System}
}

@article{Barklem2016,
   author = {{Barklem}, P.~S.},
    title = "{Accurate abundance analysis of late-type stars: advances in atomic physics}",
  journal = {A\&Ar},
archivePrefix = "arXiv",
   eprint = {1604.07659},
 primaryClass = "astro-ph.SR",
 keywords = {Abundances, Chemical composition, Stellar atmospheres, Atomic processes and interactions, Atomic and molecular data},
     year = 2016,
    month = may,
   volume = 24,
      eid = {9},
    pages = {9},
      doi = {10.1007/s00159-016-0095-9},
   adsurl = {http://adsabs.harvard.edu/abs/2016A%26ARv..24....9B},
  adsnote = {Provided by the SAO/NASA Astrophysics Data System}
}

@article{Massarotti2008,
   author = {{Massarotti}, A. and {Latham}, D.~W. and {Stefanik}, R.~P. and 
    {Fogel}, J.},
    title = "{Rotational and Radial Velocities for a Sample of 761 HIPPARCOS Giants and the Role of Binarity}",
  journal = {AJ},
 keywords = {stars: AGB and post-AGB, stars: evolution, stars: rotation, binaries: spectroscopic, planetary systems, techniques: spectroscopic},
     year = 2008,
    month = jan,
   volume = 135,
    pages = {209-231},
      doi = {10.1088/0004-6256/135/1/209},
   adsurl = {http://adsabs.harvard.edu/abs/2008AJ....135..209M},
  adsnote = {Provided by the SAO/NASA Astrophysics Data System}
}

@article{Eisenstein2011,
   author = {{Eisenstein}, D.~J. and {Weinberg}, D.~H. and {Agol}, E. and 
    {Aihara}, H. and {Allende Prieto}, C. and {Anderson}, S.~F. and 
    {Arns}, J.~A. and {Aubourg}, {\'E}. and {Bailey}, S. and {Balbinot}, E. and et al.},
    title = "{SDSS-III: Massive Spectroscopic Surveys of the Distant Universe, the Milky Way, and Extra-Solar Planetary Systems}",
  journal = {AJ},
archivePrefix = "arXiv",
   eprint = {1101.1529},
 primaryClass = "astro-ph.IM",
 keywords = {cosmology: observations, Galaxy: evolution, planets and satellites: detection, surveys},
     year = 2011,
    month = sep,
   volume = 142,
      eid = {72},
    pages = {72},
      doi = {10.1088/0004-6256/142/3/72},
   adsurl = {http://adsabs.harvard.edu/abs/2011AJ....142...72E},
  adsnote = {Provided by the SAO/NASA Astrophysics Data System}
}

@inproceedings{Blanco-Cuaresma2016,
   author = {{Blanco-Cuaresma}, S. and {Soubiran}, C.},
    title = "{Re-grouping stars based on the chemical tagging technique: A case study of M67 and IC4651}",
 keywords = {stars, chemical abundances, metallicity, chemical tagging},
booktitle = {SF2A-2016: Proceedings of the Annual meeting of the French Society of Astronomy and Astrophysics},
     year = 2016,
archivePrefix = "arXiv",
   eprint = {1609.09500},
 primaryClass = "astro-ph.SR",
   editor = {{Reyl{\'e}}, C. and {Richard}, J. and {Cambr{\'e}sy}, L. and 
    {Deleuil}, M. and {P{\'e}contal}, E. and {Tresse}, L. and {Vauglin}, I.
    },
    month = dec,
    pages = {333-336},
   adsurl = {http://adsabs.harvard.edu/abs/2016sf2a.conf..333B},
  adsnote = {Provided by the SAO/NASA Astrophysics Data System}
}

@ARTICLE{Zasowski2014,
   author = {{Zasowski}, G. and {M{\'e}nard}, B. and {Bizyaev}, D. and {Garc{\'{\i}}a-Hern{\'a}ndez}, D.~A. and 
    {Garc{\'{\i}}a P{\'e}rez}, A.~E. and {Hayden}, M.~R. and {Holtzman}, J. and 
    {Johnson}, J.~A. and {Kinemuchi}, K. and {Majewski}, S.~R. and 
    {Nidever}, D.~L. and {Shetrone}, M. and {Wilson}, J.~C.},
    title = "{Mapping the Interstellar Medium with Near-infrared Diffuse Interstellar Bands}",
  journal = {ApJ},
archivePrefix = "arXiv",
   eprint = {1406.1195},
 keywords = {dust, extinction, infrared: ISM, ISM: general, ISM: lines and bands, local interstellar matter},
     year = 2015,
    month = jan,
   volume = 798,
      eid = {35},
    pages = {35},
      doi = {10.1088/0004-637X/798/1/35},
   adsurl = {http://adsabs.harvard.edu/abs/2015ApJ...798...35Z},
  adsnote = {Provided by the SAO/NASA Astrophysics Data System}
}


@inproceedings{confZasowski2014,
   author = {{Zasowski}, G. and {M{\'e}nard}, B.},
    title = "{Near-IR Diffuse Interstellar Bands in SDSS-III APOGEE Spectra}",
 keywords = {Spectroscopy: absorption lines, stars, ISM,},
booktitle = {The Diffuse Interstellar Bands},
     year = 2014,
   series = {IAU Symposium},
   volume = 297,
   editor = {{Cami}, J. and {Cox}, N.~L.~J.},
    month = feb,
    pages = {68-73},
      doi = {10.1017/S1743921313015597},
   adsurl = {http://adsabs.harvard.edu/abs/2014IAUS..297...68Z},
  adsnote = {Provided by the SAO/NASA Astrophysics Data System}
}

@article{Bland-Hawthorn2010,
   author = {{Bland-Hawthorn}, J. and {Krumholz}, M.~R. and {Freeman}, K.
    },
    title = "{The Long-term Evolution of the Galactic Disk Traced by Dissolving Star Clusters}",
  journal = {ApJ},
archivePrefix = "arXiv",
   eprint = {1002.4357},
 keywords = {Galaxy: disk, Galaxy: evolution, Galaxy: kinematics and dynamics, open clusters and associations: general, stars: abundances, stars: solar-type},
     year = 2010,
    month = apr,
   volume = 713,
    pages = {166-179},
      doi = {10.1088/0004-637X/713/1/166},
   adsurl = {http://adsabs.harvard.edu/abs/2010ApJ...713..166B},
  adsnote = {Provided by the SAO/NASA Astrophysics Data System}
}

@article{Seidel1987,
   author = {{Seidel}, E. and {Demarque}, P. and {Weinberg}, D.},
    title = "{The evolution of red clump stars - Theoretical sequences}",
  journal = {ApJs},
 keywords = {Horizontal Branch Stars, Star Clusters, Stellar Evolution, Magellanic Clouds, Metallicity, Milky Way Galaxy, Stellar Models, Tables (Data)},
     year = 1987,
    month = apr,
   volume = 63,
    pages = {917-945},
      doi = {10.1086/191186},
   adsurl = {http://adsabs.harvard.edu/abs/1987ApJS...63..917S},
  adsnote = {Provided by the SAO/NASA Astrophysics Data System}
}

@article{Ramya2016,
   author = {{Ramya}, P. and {Reddy}, B.~E. and {Lambert}, D.~L. and {Musthafa}, M.~M.
    },
    title = "{Chemical compositions and kinematics of the Hercules stream}",
  journal = {MNRAS},
archivePrefix = "arXiv",
   eprint = {1604.04821},
 keywords = {stars: abundances, stars: late-type, Galaxy: disc, Galaxy: kinematics and dynamics},
     year = 2016,
    month = aug,
   volume = 460,
    pages = {1356-1370},
      doi = {10.1093/mnras/stw852},
   adsurl = {http://adsabs.harvard.edu/abs/2016MNRAS.460.1356R},
  adsnote = {Provided by the SAO/NASA Astrophysics Data System}
}

@article{Weinberg2016,
   author = {{Weinberg}, D.~H. and {Andrews}, B.~H. and {Freudenburg}, J.
    },
    title = "{Equilibrium and Sudden Events in Chemical Evolution}",
  journal = {ApJ},
archivePrefix = "arXiv",
   eprint = {1604.07435},
 keywords = {galaxies: abundances, galaxies: evolution},
     year = 2017,
    month = mar,
   volume = 837,
      eid = {183},
    pages = {183},
      doi = {10.3847/1538-4357/837/2/183},
   adsurl = {http://adsabs.harvard.edu/abs/2017ApJ...837..183W},
  adsnote = {Provided by the SAO/NASA Astrophysics Data System}
}

@article{Anders2015,
   author = {{Anders}, F. and {Chiappini}, C. and {Rodrigues}, T.~S. and 
    {Miglio}, A. and {Montalb{\'a}n}, J. and {Mosser}, B. and {Girardi}, L. and 
    {Valentini}, M. and {Noels}, A. and {Morel}, T. and {Johnson}, J.~A. and 
    {Schultheis}, M. and {Baudin}, F. and {de Assis Peralta}, R. and 
    {Hekker}, S. and {Theme{\ss}l}, N. and {Kallinger}, T. and {Garc{\'{\i}}a}, R.~A. and 
    {Mathur}, S. and {Baglin}, A. and {Santiago}, B.~X. and {Martig}, M. and 
    {Minchev}, I. and {Steinmetz}, M. and {da Costa}, L.~N. and 
    {Maia}, M.~A.~G. and {Allende Prieto}, C. and {Cunha}, K. and 
    {Beers}, T.~C. and {Epstein}, C. and {Garc{\'{\i}}a P{\'e}rez}, A.~E. and 
    {Garc{\'{\i}}a-Hern{\'a}ndez}, D.~A. and {Harding}, P. and {Holtzman}, J. and 
    {Majewski}, S.~R. and {M{\'e}sz{\'a}ros}, S. and {Nidever}, D. and 
    {Pan}, K. and {Pinsonneault}, M. and {Schiavon}, R.~P. and {Schneider}, D.~P. and 
    {Shetrone}, M.~D. and {Stassun}, K. and {Zamora}, O. and {Zasowski}, G.
    },
    title = "{Galactic archaeology with asteroseismology and spectroscopy: Red giants observed by CoRoT and APOGEE}",
  journal = {A\&A},
archivePrefix = "arXiv",
   eprint = {1604.07763},
 keywords = {asteroseismology, stars: fundamental parameters, Galaxy: abundances, Galaxy: disk, Galaxy: evolution},
     year = 2017,
    month = jan,
   volume = 597,
      eid = {A30},
    pages = {A30},
      doi = {10.1051/0004-6361/201527204},
   adsurl = {http://adsabs.harvard.edu/abs/2017A%26A...597A..30A},
  adsnote = {Provided by the SAO/NASA Astrophysics Data System}
}


@article{Alam2015,
   author = {{Alam}, S. and {Albareti}, F.~D. and {Allende Prieto}, C. and 
    {Anders}, F. and {Anderson}, S.~F. and {Anderton}, T. and {Andrews}, B.~H. and 
    {Armengaud}, E. and {Aubourg}, {\'E}. and {Bailey}, S. and et al.},
    title = "{The Eleventh and Twelfth Data Releases of the Sloan Digital Sky Survey: Final Data from SDSS-III}",
  journal = {ApJs},
archivePrefix = "arXiv",
   eprint = {1501.00963},
 primaryClass = "astro-ph.IM",
 keywords = {atlases, catalogs, surveys},
     year = 2015,
    month = jul,
   volume = 219,
      eid = {12},
    pages = {12},
      doi = {10.1088/0067-0049/219/1/12},
   adsurl = {http://adsabs.harvard.edu/abs/2015ApJS..219...12A},
  adsnote = {Provided by the SAO/NASA Astrophysics Data System}
}

@article{Bahe2016,
   author = {{Bah{\'e}}, Y.~M. and {Schaye}, J. and {Crain}, R.~A. and {McCarthy}, I.~G. and 
    {Bower}, R.~G. and {Theuns}, T. and {McGee}, S.~L. and {Trayford}, J.~W.
    },
    title = "{The origin of the enhanced metallicity of satellite galaxies}",
  journal = {MNRAS},
archivePrefix = "arXiv",
   eprint = {1609.03379},
 keywords = {methods: numerical, galaxies: clusters: general, galaxies: evolution, galaxies: groups: general, galaxies: stellar content},
     year = 2017,
    month = jan,
   volume = 464,
    pages = {508-529},
      doi = {10.1093/mnras/stw2329},
   adsurl = {http://adsabs.harvard.edu/abs/2017MNRAS.464..508B},
  adsnote = {Provided by the SAO/NASA Astrophysics Data System}
}

@article{Veyette2016,
   author = {{Veyette}, M.~J. and {Muirhead}, P.~S. and {Mann}, A.~W. and 
    {Allard}, F.},
    title = "{The Physical Mechanism Behind M Dwarf Metallicity Indicators and the Role of C and O Abundances}",
  journal = {ApJ},
archivePrefix = "arXiv",
   eprint = {1605.04904},
 primaryClass = "astro-ph.SR",
 keywords = {brown dwarfs, stars: abundances, stars: atmospheres, stars: fundamental parameters, stars: late-type, stars: low-mass},
     year = 2016,
    month = sep,
   volume = 828,
      eid = {95},
    pages = {95},
      doi = {10.3847/0004-637X/828/2/95},
   adsurl = {http://adsabs.harvard.edu/abs/2016ApJ...828...95V},
  adsnote = {Provided by the SAO/NASA Astrophysics Data System}
}

@article{Ting2012,
   author = {{Ting}, Y.-S. and {Freeman}, K.~C. and {Kobayashi}, C. and {De Silva}, G.~M. and 
    {Bland-Hawthorn}, J.},
    title = "{Principal component analysis on chemical abundances spaces}",
  journal = {MNRAS},
archivePrefix = "arXiv",
   eprint = {1112.3207},
 primaryClass = "astro-ph.SR",
 keywords = {methods: data analysis, stars: abundances, stars: AGB and post-AGB, supernovae: general, ISM: abundances, ISM: evolution},
     year = 2012,
    month = apr,
   volume = 421,
    pages = {1231-1255},
      doi = {10.1111/j.1365-2966.2011.20387.x},
   adsurl = {http://adsabs.harvard.edu/abs/2012MNRAS.421.1231T},
  adsnote = {Provided by the SAO/NASA Astrophysics Data System}
}

@article{Freudenburg2016,
   author = {{Freudenburg}, J.~K.~C. and {Weinberg}, D.~H. and {Hayden}, M.~R. and 
    {Holtzman}, J.~A.},
    title = "{The Chemical Abundance Structure of the Inner Milky Way: A Signature of ``Upside-Down'' Disk Formation?}",
  journal = {ArXiv e-prints},
archivePrefix = "arXiv",
   eprint = {1608.06342},
 keywords = {Astrophysics - Astrophysics of Galaxies},
     year = 2016,
    month = aug,
   adsurl = {http://adsabs.harvard.edu/abs/2016arXiv160806342F},
  adsnote = {Provided by the SAO/NASA Astrophysics Data System}
}

@article{Jordan2008,
   author = {{Jordan}, S.},
    title = "{The Gaia project: Technique, performance and status}",
  journal = {Astronomische Nachrichten},
archivePrefix = "arXiv",
   eprint = {0811.2345},
 keywords = {astrometry, space vehicles: instruments},
     year = 2008,
    month = dec,
   volume = 329,
    pages = {875},
      doi = {10.1002/asna.200811065},
   adsurl = {http://adsabs.harvard.edu/abs/2008AN....329..875J},
  adsnote = {Provided by the SAO/NASA Astrophysics Data System}
}

@article{Holtzman2015,
   author = {{Holtzman}, J.~A. and {Shetrone}, M. and {Johnson}, J.~A. and 
    {Allende Prieto}, C. and {Anders}, F. and {Andrews}, B. and 
    {Beers}, T.~C. and {Bizyaev}, D. and {Blanton}, M.~R. and {Bovy}, J. and 
    {Carrera}, R. and {Chojnowski}, S.~D. and {Cunha}, K. and {Eisenstein}, D.~J. and 
    {Feuillet}, D. and {Frinchaboy}, P.~M. and {Galbraith-Frew}, J. and 
    {Garc{\'{\i}}a P{\'e}rez}, A.~E. and {Garc{\'{\i}}a-Hern{\'a}ndez}, D.~A. and 
    {Hasselquist}, S. and {Hayden}, M.~R. and {Hearty}, F.~R. and 
    {Ivans}, I. and {Majewski}, S.~R. and {Martell}, S. and {Meszaros}, S. and 
    {Muna}, D. and {Nidever}, D. and {Nguyen}, D.~C. and {O'Connell}, R.~W. and 
    {Pan}, K. and {Pinsonneault}, M. and {Robin}, A.~C. and {Schiavon}, R.~P. and 
    {Shane}, N. and {Sobeck}, J. and {Smith}, V.~V. and {Troup}, N. and 
    {Weinberg}, D.~H. and {Wilson}, J.~C. and {Wood-Vasey}, W.~M. and 
    {Zamora}, O. and {Zasowski}, G.},
    title = "{Abundances, Stellar Parameters, and Spectra from the SDSS-III/APOGEE Survey}",
  journal = {AJ},
archivePrefix = "arXiv",
   eprint = {1501.04110},
 keywords = {astronomical databases: miscellaneous, Galaxy: abundances, stars: abundances, surveys},
     year = 2015,
    month = nov,
   volume = 150,
      eid = {148},
    pages = {148},
      doi = {10.1088/0004-6256/150/5/148},
   adsurl = {http://adsabs.harvard.edu/abs/2015AJ....150..148H},
  adsnote = {Provided by the SAO/NASA Astrophysics Data System}
}

@article{Version2016,
   author = {{Hasselquist}, S. and {Shetrone}, M. and {Cunha}, K. and {Smith}, V.~V. and 
    {Holtzman}, J. and {Lawler}, J.~E. and {Allende Prieto}, C. and 
    {Beers}, T.~C. and {Chojnowski}, D. and {Fern{\'a}ndez-Trincado}, J.~G. and 
    {Garc{\'{\i}}a-Hern{\'a}ndez}, D.~A. and {Hearty}, F.~R. and 
    {Majewski}, S.~R. and {Pereira}, C.~B. and {Placco}, V.~M. and 
    {Villanova}, S. and {Zamora}, O.},
    title = "{Identification of Neodymium in the Apogee H-Band Spectra}",
  journal = {ApJ},
 keywords = {stars: abundances, techniques: spectroscopic},
     year = 2016,
    month = dec,
   volume = 833,
      eid = {81},
    pages = {81},
      doi = {10.3847/1538-4357/833/1/81},
   adsurl = {http://adsabs.harvard.edu/abs/2016ApJ...833...81H},
  adsnote = {Provided by the SAO/NASA Astrophysics Data System}
}

@article{Ji2016,
   author = {{Ji}, A.~P. and {Frebel}, A. and {Ezzeddine}, R. and {Casey}, A.~R.
    },
    title = "{Chemical Diversity in the Ultra-faint Dwarf Galaxy Tucana II}",
  journal = {ApJl},
archivePrefix = "arXiv",
   eprint = {1609.02915},
 keywords = {galaxies: dwarf, galaxies: individual: Tuc II, Local Group, stars: abundances},
     year = 2016,
    month = nov,
   volume = 832,
      eid = {L3},
    pages = {L3},
      doi = {10.3847/2041-8205/832/1/L3},
   adsurl = {http://adsabs.harvard.edu/abs/2016ApJ...832L...3J},
  adsnote = {Provided by the SAO/NASA Astrophysics Data System}
}

@book{Laird1977,
author = {Laird, N. M. and Rubin, D. B. and Dempster, A. P.},
booktitle = {J. R. Stat. Soc. Ser. B},
isbn = {0000000779},
keywords = {em algorithm,incomplete data,maximum likelihood,posterior mode},
number = {1},
pages = {1--38},
title = {{Maximum likelihood from incomplete data via the EM algorithm}},
url = {http://portal.acm.org/citation.cfm?id=844102.844110{\&}type=series�{\"{U}}{\#}},
volume = {39},
year = {1977}
}

@article{DeSilva2007a,
   author = {{De Silva}, G.~M. and {Freeman}, K.~C. and {Bland-Hawthorn}, J. and 
    {Asplund}, M. and {Bessell}, M.~S.},
    title = "{Chemically Tagging the HR 1614 Moving Group}",
  journal = {AJ},
   eprint = {astro-ph/0610041},
 keywords = {Galaxy: evolution, open clusters and associations: individual: HR 1614 moving group, stars: abundances},
     year = 2007,
    month = feb,
   volume = 133,
    pages = {694-704},
      doi = {10.1086/510131},
   adsurl = {http://adsabs.harvard.edu/abs/2007AJ....133..694D},
  adsnote = {Provided by the SAO/NASA Astrophysics Data System}
}


@book{Joliffe2002,
author = {Jolliffe, I T},
isbn = {9780387954424},
publisher = {Springer},
series = {Springer Series in Statistics},
title = {{Principal Component Analysis}},
year = {2002}
}

@article{DeLis2016,
   author = {{Bertran de Lis}, S. and {Allende Prieto}, C. and {Majewski}, S.~R. and 
    {Schiavon}, R.~P. and {Holtzman}, J.~A. and {Shetrone}, M. and 
    {Carrera}, R. and {Garc{\'{\i}}a P{\'e}rez}, A.~E. and {M{\'e}sz{\'a}ros}, S. and 
    {Frinchaboy}, P.~M. and {Hearty}, F.~R. and {Nidever}, D.~L. and 
    {Zasowski}, G. and {Ge}, J.},
    title = "{Cosmic variance in [O/Fe] in the Galactic disk}",
  journal = {A\&A},
archivePrefix = "arXiv",
   eprint = {1603.05491},
 keywords = {stars: abundances, stars: fundamental parameters, Galaxy: stellar content, Galaxy: disk},
     year = 2016,
    month = may,
   volume = 590,
      eid = {A74},
    pages = {A74},
      doi = {10.1051/0004-6361/201527827},
   adsurl = {http://adsabs.harvard.edu/abs/2016A%26A...590A..74B},
  adsnote = {Provided by the SAO/NASA Astrophysics Data System}
}

@article{GaiaCollaboration2016,
   author = {{Gaia Collaboration} and {Prusti}, T. and {de Bruijne}, J.~H.~J. and 
    {Brown}, A.~G.~A. and {Vallenari}, A. and {Babusiaux}, C. and 
    {Bailer-Jones}, C.~A.~L. and {Bastian}, U. and {Biermann}, M. and 
    {Evans}, D.~W. and et al.},
    title = "{The Gaia mission}",
  journal = {A\&A},
archivePrefix = "arXiv",
   eprint = {1609.04153},
 primaryClass = "astro-ph.IM",
 keywords = {space vehicles: instruments, Galaxy: structure, astrometry, parallaxes, proper motions, telescopes},
     year = 2016,
    month = nov,
   volume = 595,
      eid = {A1},
    pages = {A1},
      doi = {10.1051/0004-6361/201629272},
   adsurl = {http://adsabs.harvard.edu/abs/2016A%26A...595A...1G},
  adsnote = {Provided by the SAO/NASA Astrophysics Data System}
}

@article{Williamson2016,
   author = {{Williamson}, D. and {Martel}, H. and {Romeo}, A.~B.},
    title = "{Chemodynamic Evolution of Dwarf Galaxies in Tidal Fields}",
  journal = {ApJ},
archivePrefix = "arXiv",
   eprint = {1608.06849},
 keywords = {galaxies: abundances, galaxies: dwarf, galaxies: evolution, galaxies: interactions},
     year = 2016,
    month = nov,
   volume = 831,
      eid = {1},
    pages = {1},
      doi = {10.3847/0004-637X/831/1/1},
   adsurl = {http://adsabs.harvard.edu/abs/2016ApJ...831....1W},
  adsnote = {Provided by the SAO/NASA Astrophysics Data System}
}

@article{Tang2016,
   author = {{Tang}, B. and {Cohen}, R.~E. and {Geisler}, D. and {Schiavon}, R.~P. and 
    {Majewski}, S.~R. and {Villanova}, S. and {Carrera}, R. and 
    {Zamora}, O. and {Garcia-Hernandez}, D.~A. and {Shetrone}, M. and 
    {Frinchaboy}, P. and {Meza}, A. and {Fern{\'a}ndez-Trincado}, J.~G. and 
    {Mu{\~n}oz}, R.~R. and {Lin}, C.-C. and {Lane}, R.~R. and {Nitschelm}, C. and 
    {Pan}, K. and {Bizyaev}, D. and {Oravetz}, D. and {Simmons}, A.
    },
    title = "{Two groups of red giants with distinct chemical abundances in the bulge globular cluster NGC 6553 through the eyes of APOGEE}",
  journal = {MNRAS},
archivePrefix = "arXiv",
   eprint = {1610.06763},
 keywords = {stars: abundances, stars: evolution, Galaxy: bulge, globular clusters: individual: NGC 6553},
     year = 2017,
    month = feb,
   volume = 465,
    pages = {19-31},
      doi = {10.1093/mnras/stw2739},
   adsurl = {http://adsabs.harvard.edu/abs/2017MNRAS.465...19T},
  adsnote = {Provided by the SAO/NASA Astrophysics Data System}
}


@article{Spitoni2016,
   author = {{Spitoni}, E. and {Vincenzo}, F. and {Matteucci}, F. and {Romano}, D.
    },
    title = "{Are ancient dwarf satellites the building blocks of the Galactic halo?}",
  journal = {MNRAS},
archivePrefix = "arXiv",
   eprint = {1603.00344},
 keywords = {ISM: abundances, Galaxy: abundances, Galaxy: evolution, Galaxy: halo},
     year = 2016,
    month = may,
   volume = 458,
    pages = {2541-2552},
      doi = {10.1093/mnras/stw519},
   adsurl = {http://adsabs.harvard.edu/abs/2016MNRAS.458.2541S},
  adsnote = {Provided by the SAO/NASA Astrophysics Data System}
}

@article{Bailey2012,
   author = {{Bailey}, S.},
    title = "{Principal Component Analysis with Noisy and/or Missing Data}",
  journal = {\pasp},
archivePrefix = "arXiv",
   eprint = {1208.4122},
 primaryClass = "astro-ph.IM",
     year = 2012,
    month = sep,
   volume = 124,
    pages = {1015},
      doi = {10.1086/668105},
   adsurl = {http://adsabs.harvard.edu/abs/2012PASP..124.1015B},
  adsnote = {Provided by the SAO/NASA Astrophysics Data System}
}

@article{DeMedeiros1999,
   author = {{de Medeiros}, J.~R. and {Mayor}, M.},
    title = "{A catalog of rotational and radial velocities for evolved stars}",
  journal = {A\&As},
 keywords = {STARS: ROTATION, LATE-TYPE, KINEMATICS, TECHNIQUES: RADIAL VELOCITIES, CATALOGS},
     year = 1999,
    month = nov,
   volume = 139,
    pages = {433-460},
      doi = {10.1051/aas:1999401},
   adsurl = {http://adsabs.harvard.edu/abs/1999A%26AS..139..433D},
  adsnote = {Provided by the SAO/NASA Astrophysics Data System}
}

@article{Perez2015,
   author = {{Garc{\'{\i}}a P{\'e}rez}, A.~E. and {Allende Prieto}, C. and 
    {Holtzman}, J.~A. and {Shetrone}, M. and {M{\'e}sz{\'a}ros}, S. and 
    {Bizyaev}, D. and {Carrera}, R. and {Cunha}, K. and {Garc{\'{\i}}a-Hern{\'a}ndez}, D.~A. and 
    {Johnson}, J.~A. and {Majewski}, S.~R. and {Nidever}, D.~L. and 
    {Schiavon}, R.~P. and {Shane}, N. and {Smith}, V.~V. and {Sobeck}, J. and 
    {Troup}, N. and {Zamora}, O. and {Weinberg}, D.~H. and {Bovy}, J. and 
    {Eisenstein}, D.~J. and {Feuillet}, D. and {Frinchaboy}, P.~M. and 
    {Hayden}, M.~R. and {Hearty}, F.~R. and {Nguyen}, D.~C. and 
    {O'Connell}, R.~W. and {Pinsonneault}, M.~H. and {Wilson}, J.~C. and 
    {Zasowski}, G.},
    title = "{ASPCAP: The APOGEE Stellar Parameter and Chemical Abundances Pipeline}",
  journal = {AJ},
archivePrefix = "arXiv",
   eprint = {1510.07635},
 primaryClass = "astro-ph.SR",
 keywords = {Galaxy: center, Galaxy: structure, methods: data analysis, stars: abundances, stars: atmospheres},
     year = 2016,
    month = jun,
   volume = 151,
      eid = {144},
    pages = {144},
      doi = {10.3847/0004-6256/151/6/144},
   adsurl = {http://adsabs.harvard.edu/abs/2016AJ....151..144G},
  adsnote = {Provided by the SAO/NASA Astrophysics Data System}
}

@article{Blanco-Cuaresma2015a,
   author = {{Blanco-Cuaresma}, S. and {Soubiran}, C. and {Heiter}, U.},
    title = "{Do open clusters have distinguishable chemical signatures?}",
  journal = {ArXiv e-prints},
archivePrefix = "arXiv",
   eprint = {1507.06294},
 primaryClass = "astro-ph.SR",
 keywords = {Astrophysics - Solar and Stellar Astrophysics, Astrophysics - Astrophysics of Galaxies},
     year = 2015,
    month = jul,
   adsurl = {http://adsabs.harvard.edu/abs/2015arXiv150706294B},
  adsnote = {Provided by the SAO/NASA Astrophysics Data System}
}

@ARTICLE{McInnes2017,
   author = {{McInnes}, L. and {Healy}, J.},
    title = "{Accelerated Hierarchical Density Clustering}",
  journal = {ArXiv e-prints},
archivePrefix = "arXiv",
   eprint = {1705.07321},
 primaryClass = "stat.ML",
 keywords = {Statistics - Machine Learning},
     year = 2017,
    month = may,
   adsurl = {http://adsabs.harvard.edu/abs/2017arXiv170507321M},
  adsnote = {Provided by the SAO/NASA Astrophysics Data System}
}

@article{Campello2015,
 author = {Campello, Ricardo J. G. B. and Moulavi, Davoud and Zimek, Arthur and Sander, J\"{o}rg},
 title = {Hierarchical Density Estimates for Data Clustering, Visualization, and Outlier Detection},
 journal = {ACM Trans. Knowl. Discov. Data},
 issue_date = {July 2015},
 volume = {10},
 number = {1},
 month = jul,
 year = {2015},
 issn = {1556-4681},
 pages = {5:1--5:51},
 articleno = {5},
 numpages = {51},
 url = {http://doi.acm.org/10.1145/2733381},
 doi = {10.1145/2733381},
 acmid = {2733381},
 publisher = {ACM},
 address = {New York, NY, USA},
 keywords = {Density-based clustering, data visualization, global/local outliers, hierarchical and nonhierarchical clustering, outlier detection, unsupervised and semisupervised clustering},
} 

@ARTICLE{Mackereth2019,
       author = {{Mackereth}, J. Ted and {Bovy}, Jo and {Leung}, Henry W. and
         {Schiavon}, Ricardo P. and {Trick}, Wilma H. and {Chaplin}, William J. and
         {Cunha}, Katia and {Feuillet}, Diane K. and {Majewski}, Steven R. and
         {Martig}, Marie and {Miglio}, Andrea and {Nidever}, David and
         {Pinsonneault}, Marc H. and {Silva Aguirre}, Victor and
         {Sobeck}, Jennifer and {Tayar}, Jamie and {Zasowski}, Gail},
        title = "{Dynamical heating across the Milky Way disc using APOGEE and $\it{Gaia}$}",
      journal = {arXiv e-prints},
     keywords = {Astrophysics - Astrophysics of Galaxies},
         year = "2019",
        month = "Jan",
          eid = {arXiv:1901.04502},
        pages = {arXiv:1901.04502},
archivePrefix = {arXiv},
       eprint = {1901.04502},
 primaryClass = {astro-ph.GA},
       adsurl = {https://ui.adsabs.harvard.edu/abs/2019arXiv190104502M},
      adsnote = {Provided by the SAO/NASA Astrophysics Data System}
}


















